3076 4998
785 307 863 381 oto

256 496 444 581 Stephani
469 497 620 561 Theseus.
645 489 684 559 Τ.
702 494 727 556 l.
756 515 788 576 p.
810 497 868 556 ill
893 491 936 554 D.
965 503 1054 572 utar,
1083 492 1270 573 siguidcusse
1295 493 1412 558 existi·

257 615 331 666 met.
374 600 454 662 Nem
478 611 513 662 ut
535 598 686 680 primaria
708 599 784 658 lsaec
803 595 899 658 luerit
920 591 989 673 eicis·
1006 608 1156 678 potestas,
1180 595 1267 679 quod
1286 599 1411 678 pertint

258 729 299 769 ex
323 703 548 787 etymologica,
579 701 695 783 partim
718 697 759 762 err
779 699 818 762 iis
838 693 997 778 cernitur,
1028 719 1109 782 quae
1132 699 1172 763 de
1193 701 1413 766 vetustissima

258 809 381 889 origine
416 807 577 887 epicorum
612 797 783 866 carminum
821 803 1014 884 accepimus,
1048 814 1152 865 temen
1184 805 1259 887 quie
1288 822 1410 865 nomeu

257 909 486 994 rlrapsodorum
508 908 632 972 eusdem
653 904 883 971 vicissitudines
910 904 1161 986 significationis,
1191 927 1269 990 ques
1290 928 1409 970 munus

259 1035 367 1078 eorum
389 1023 556 1094 expertum
577 1023 640 1090 eet,
670 1010 834 1092 paullatim
856 1010 976 1072 subiret
1003 1027 1128 1071 neccsse
1148 1009 1226 1087 suit,
1254 1030 1320 1072 nou
1340 1023 1408 1074 tam

258 1116 349 1197 illud,
376 1137 455 1202 quse
477 1128 620 1182 veterum
642 1123 808 1196 poetarum
829 1111 997 1194 rhapsodia
1018 1111 1123 1191 fuerit,
1147 1112 1202 1176 sed
1224 1133 1289 1196 quo
1311 1135 1407 1176 seusu

259 1239 326 1282 eam
348 1217 496 1303 Stagirites
518 1220 728 1284 nominaverit
754 1237 969 1303 quseramusf
1001 1217 1051 1278 Ex
1078 1237 1142 1300 quo
1169 1217 1311 1279 memma
1338 1217 1408 1278 llo·

258 1323 338 1386 meri
360 1337 391 1388 et
413 1325 554 1388 Choerili
575 1326 608 1386 in
630 1318 761 1386 tlteetrie
788 1333 960 1404 coeperunt
985 1321 1135 1400 recitare,
1166 1321 1230 1384 duo
1251 1320 1406 1383 declama-

258 1425 354 1490 tionis
376 1447 490 1507 genera
511 1427 595 1509 epud
612 1425 747 1489 Graecos
766 1438 838 1488 orte
860 1423 1019 1503 videntur,
1041 1443 1149 1502 unum,
1169 1422 1257 1507 quod
1277 1425 1313 1486 iu
1336 1426 1405 1506 epi·

260 1528 302 1591 cis
326 1517 524 1608 carminibus,
544 1531 689 1607 alterum,
714 1526 800 1612 quod
822 1529 861 1588 ab
883 1525 1092 1588 histrionibus
1109 1524 1256 1588 adhiberi
1274 1528 1405 1589 solebat.

260 1631 401 1709 Quorum
425 1621 593 1697 discrimen
618 1631 800 1695 definientes
825 1628 905 1692 illud
931 1629 1095 1707 continue,
1126 1649 1229 1712 neque
1253 1629 1404 1711 interpel-

259 1737 324 1798 lsta
344 1738 527 1800 recitatione
549 1735 721 1814 contineri,
750 1738 810 1798 hoc
831 1754 907 1800 uero
928 1735 972 1796 ita
994 1745 1169 1796 statuerunt
1189 1747 1404 1816 comparatum

260 1858 345 1919 esse,
366 1852 443 1903 ute
468 1841 565 1905 seriis
587 1840 731 1923 personis
754 1856 912 1902 sermones
934 1837 1138 1921 versibusque
1158 1838 1288 1900 alternis
1309 1839 1405 1900 helse-

260 1953 381 2006 reutur.
429 1945 523 2006 Illum
545 1941 772 2007 veremudum
794 1942 942 2002 oontimso
966 1941 1119 2003 sermonis
1139 1952 1250 2003 tenore
1270 1940 1404 2002 reciten-

261 2043 338 2106 tium
361 2045 526 2135 ῥαψῳδεῖν
552 2058 585 2107 st
609 2065 733 2108 carmen
756 2045 800 2106 ite
822 2043 1029 2108 declamatum
1052 2045 1227 2136 ῥαψῳδίαν
1247 2056 1280 2106 et
1301 2044 1403 2126 ipsum

261 2143 502 2210 declamatorem
530 2147 565 2209 in
596 2167 635 2210 eo
667 2167 780 2228 genere
809 2161 986 2212 versantem
1016 2145 1172 2236 ῥαψῳδόν
1201 2147 1351 2210 dixerunt
1368 2146 1404 2231 1).

261 2249 367 2333 Atque
396 2251 472 2312 heco
500 2251 725 2316 vocabulorum
754 2249 938 2331 significatio
963 2251 1008 2313 its
1029 2251 1141 2312 sensim
1163 2253 1269 2315 eslere
1289 2249 1404 2330 coepit,

260 2363 296 2414 ut
318 2351 358 2415 ad
383 2353 488 2415 omnis
509 2353 673 2415 literarum
695 2365 897 2416 monumenta
918 2354 1175 2433 transferrentur,
1196 2373 1253 2416 seu
1267 2354 1402 2434 poetice,

262 2476 317 2517 seu
338 2455 441 2518 soluts
460 2456 604 2519 oratione
627 2454 802 2537 perscripta
825 2467 924 2520 erent.
967 2457 1083 2520 Athen.
1104 2458 1193 2519 XIV.
1213 2461 1331 2538 P2⁶2⁰·
1371 2456 1401 2518 Is

261 2577 338 2622 vero
354 2559 478 2639 linguae
499 2576 583 2638 tretis,
605 2559 779 2621 aPlstonis
802 2569 902 2624 aetate
923 2572 1021 2639 ortus,
1043 2560 1209 2623 conuenire
1228 2558 1401 2622 videtur-in

261 2661 365 2723 locum
390 2661 581 2723 Aristotelis.
623 2661 706 2724 Nam
726 2662 841 2740 Plato,¹
864 2661 920 2744 qui
944 2663 1106 2742 contiguos
1128 2679 1281 2724 sermones
1300 2679 1403 2742 oppo-

262 2765 310 2826 nit
322 2763 456 2844 dialogo,
479 2762 673 2827 Charmide.
687 2765 752 2842 fim,
773 2757 892 2850 λόγους
913 2765 1196 2853 &eoderelictum
1216 2761 1297 2832 dorsu
1318 2759 1405 2830 ἄνα-

262 2865 414 2950 κρίσεως,
444 2865 578 2929 Pheedr.
598 2889 631 2948 p.
651 2871 718 2931 277*
737 2869 782 2946 Ε,
810 2866 922 2929 eodem
944 2885 1036 2930 sensu
1061 2869 1230 2948 consignet.
1273 2868 1314 2929 Et
1335 2867 1406 2929 Ari·

262 2967 390 3029 stotelee
410 2987 475 3030 non
496 2971 598 3031 solum
616 2967 756 3032 diverses
777 2969 1008 3051 rhspsodorum
1028 2982 1124 3053 utque
1145 2969 1336 3033 histrionum
1357 2991 1405 3032 sr-

262 3079 308 3131 tes
329 3070 439 3150 hebet,
470 3072 564 3134 Rhet.
583 3073 635 3151 Ill,
659 3078 712 3151 l,
730 3071 785 3136 sed
810 3069 977 3156 haecnipsa
997 3093 1141 3158 quoque,
1172 3086 1322 3158 tanquam
1344 3074 1404 3136 duo

262 3173 329 3234 sola
350 3171 584 3239 declamationis
604 3197 728 3256 genera,
753 3190 984 3256 commemorat,
1008 3179 1054 3239 ite
1078 3175 1233 3256 distincte,
1253 3190 1290 3240 ut
1312 3195 1402 3239 unum

263 3273 384 3338 facilius
403 3277 461 3356 sit,
491 3279 626 3342 alterum
647 3281 808 3344 molestius
820 3280 851 3365 2)
858 3326 867 3360 ,
896 3293 996 3364 utque
1017 3293 1084 3343 tum
1107 3279 1250 3343 homiues
1271 3278 1310 3341 de
1331 3280 1406 3340 slte-

265 3393 551 3414 -———--··-—s--

334 3439 366 3509 1)
383 3443 452 3498 vae
473 3444 593 3500 otoo.
612 3445 750 3502 matter.
769 3446 834 3502 uta
851 3447 902 3502 m.
922 3411 973 3500 ee
987 3447 1021 3502 r.
1037 3449 1056 3502 1.
1077 3467 1105 3520 p.
1124 3452 1168 3505 so.
1211 3421 1306 3502 ianus
1332 3445 1405 3500 aure

265 3526 421 3582 Woliius
443 3531 597 3606 Prolegom.
614 3533 702 3588 XCVI
725 3535 858 3606 judicarit.
889 3523 944 3588 'Ab
964 3525 1079 3607 uisoque
1098 3556 1148 3590 nos
1166 3534 1286 3593 nonnihil
1305 3533 1403 3586 dimen-

266 3613 356 3669 timus.
376 3645 410 3656 -
438 3618 481 3672 De
499 3623 577 3676 variis
595 3617 724 3678 recitandi
743 3625 900 3697 generibus,
920 3621 988 3696 quae
1007 3625 1169 3679 recentiores
1188 3625 1336 3688 coluerunt,
1355 3638 1402 3691 oo-

273 3705 420 3779 piosissime
439 3707 532 3763 scribit
549 3709 703 3766 Athenaeus
720 3713 792 3768 XlV.
807 3733 834 3786 p.
853 3715 905 3768 620
924 3712 955 3768 Β’.
1377 3691 1386 3726 ³

334 3795 364 3867 2)
382 3797 557 3854 Grammatici
584 3801 636 3854 rim
662 3802 742 3856 eliam
767 3805 838 3858 vocis
857 3813 1096 3870 commemorant,
1126 3799 1243 3856 sSuida
1261 3819 1281 3856 s.
1299 3821 1323 3854 e.
1350 3817 1405 3852 nou
1519 3776 1521 3813 ἶ

166 3879 174 3894 ’
263 3887 486 3956 praetermissam,
505 3905 520 3940 e
539 3907 592 3960 qua
606 3890 839 3962 eontemptinuem
858 3891 1056 3963 rhapsodorum
1072 3889 1231 3962 colligimus.
1266 3888 1304 3944 Ut
1316 3887 1404 3944 Senot.
1523 3949 1524 3974 1

263 3973 297 4026 sd
314 3974 383 4032 Plat.
401 3975 460 4032 lou.
478 3977 550 4032 inis:
576 3977 735 4048 ῥαψῳδῆσαι
752 3981 854 4047 λέγεταί
871 3985 916 4034 καὶ
934 3978 965 4032 rei
983 3982 1146 4051 φὶναρῆσαι,
1168 3973 1185 4048 ἢ
1203 3973 1235 4030 ed
1251 3969 1342 4034 dissime
1360 3978 1405 4028 ie·
1519 4016 1521 4033 ,

263 4063 316 4114 ists
341 4068 385 4116 καὶ
409 4061 566 4132 ἀπαγγεῖλαι
591 4069 672 4136 χωρὶς
696 4065 771 4136 ἔργον
794 4065 872 4126 τινός.
916 4065 999 4136 Quod
1024 4086 1087 4122 cum
1111 4067 1207 4122 Suidas
1224 4087 1244 4120 s.
1263 4087 1284 4118 e.
1302 4064 1405 4130 habeat,

263 4166 320 4202 uon
344 4151 414 4205 bene
438 4152 598 4226 Toupius
624 4151 727 4225 Opusc.
750 4152 817 4209 Cris.
840 4155 873 4209 Τ.
892 4155 913 4210 l.
937 4175 964 4227 p.
982 4159 1035 4210 396
1060 4175 1111 4228 pro
1132 4159 1214 4226 χωρὶς
1238 4155 1313 4225 ἷρνου
1338 4150 1406 4214 ‘mit

265 4237 356 4293 scribit
371 4245 454 4312 χωρὶς
470 4245 560 4314 εἶ’ρμου
577 4261 655 4301 τινος.
698 4241 859 4316 intelligitur
877 4255 968 4298 autem
985 4242 1143 4315 disputatio,
1164 4261 1245 4316 quam
1264 4239 1339 4312 quis,
1358 4259 1406 4292 ne-

266 4323 338 4376 mine
357 4326 526 4396 adversante,
551 4328 649 4384 hebere
667 4339 762 4404 potest.
803 4331 834 4385 ln
854 4341 908 4406 qtso
925 4349 1014 4406 neque
1032 4331 1201 4386 difficultates
1217 4327 1318 4385 invenit
1336 4337 1363 4382 et
1378 4325 1406 4382 iu

264 4427 349 4483 nugas
367 4412 446 4468 facile
463 4415 619 4490 digreditur.
1047 4441 1048 4444 ¹
