3060 5000
804 327 882 403 258

279 519 491 606 philosophia,
512 529 567 581 ant
585 515 733 582 historiae
755 515 982 597 compositione
1000 514 1040 578 ati
1059 518 1222 596 exessplar
1234 539 1425 600 magnorum

280 627 442 688 hominnm
466 643 498 685 aa
521 625 725 699 contulerant,
749 621 866 701 scripta
886 620 962 700 ip'sis
983 639 1100 697 eorum,
1121 627 1200 701 qnos
1220 624 1335 687 imitati
1357 628 1426 690 fue·

279 742 360 805 rent,
382 725 561 790 nominibus
579 725 794 790 fraudulenter
809 722 948 801 ederent,
965 723 1053 799 haec,
1070 725 1099 785 ai
1114 726 1334 804 magistrorum
1349 751 1426 811 pro.

143 819 151 842 ¹
279 845 474 914 ponerentur
502 829 697 904 nominibus,
724 828 776 889 vel
801 826 1129 905 magistrismeritnm
1160 827 1253 892 decus
1278 833 1425 910 siletura,

280 937 334 999 vel
355 935 567 997 inhominem
589 932 728 994 levorem
744 931 865 992 facilius
884 939 951 992 esse
969 941 1313 1012 ventur-asperantea·
1335 932 1424 1009 Quee

280 1039 406 1121 quidem
428 1038 540 1100 'omnin
570 1037 619 1098 illi
650 1037 781 1097 fortasse
809 1041 913 1097 seeum
940 1045 1146 1116 reputarunt,
1169 1035 1234 1116 ‚qui
1263 1036 1425 1116 Diogenis,

280 1161 360 1224 qttae
386 1133 583 1218 serebantur,
613 1159 678 1200 non
707 1159 774 1200 esse
799 1139 978 1219 tragoedias
999 1142 1198 1201 volnerunh³
1228 1135 1349 1217 Quodsi
1369 1163 1424 1202 au·

279 1255 345 1306 tem
365 1242 461 1304 iidem
491 1241 530 1304 de
552 1241 688 1303 Philisco
710 1243 862 1321 Aegineta
888 1243 1082 1321 eogiterun't,
1112 1239 1312 1321 etlisdpuiis
1333 1243 1424 1304 unhi-

280 1345 391 1407 lissimi
421 1343 573 1424 principis
603 1342 752 1406 videntur
769 1363 852 1405 eum
884 1343 1053 1422 delegisse,
1086 1344 1145 1428 qui
1172 1363 1257 1406 unus
1282 1347 1424 1409 omnium

280 1447 415 1508 menime
435 1445 603 1506 floruisset.
647 1443 733 1506 Suitl.
754 1464 779 1508 e.
800 1467 830 1507 v.
873 1446 985 1528 Neque
1009 1447 1092 1508 enim
1114 1447 1228 1530 liquet,
1248 1467 1347 1528 qnare
1369 1448 1424 1511 Sa·

280 1561 371 1632 tyrus
397 1567 464 1608 eam
486 1547 667 1627 opinionem
691 1547 882 1626 probaverit.
925 1551 968 1610 At
996 1548 1024 1610 si
1052 1560 1234 1628 argumenta
1262 1570 1303 1612 ex
1324 1551 1424 1613 histo·

280 1653 346 1714 riae
376 1649 515 1711 scenicae
545 1649 683 1710 lontibus
713 1661 841 1728 petere,
871 1671 967 1731 quam
998 1652 1064 1712 sola
1094 1652 1218 1734 aereqal
1248 1656 1424 1730 conjectura

280 1753 458 1830 maluisset,
490 1769 687 1834 nequaquam
708 1750 934 1830 intelligerem,
966 1753 1343 1835 quemodoPharorinus
1367 1777 1424 1836 po·

280 1857 392 1921 micent
414 1851 452 1916 de
472 1855 662 1936 Pasiphonte
687 1854 832 1932 cogitare.
876 1855 943 1916 Nee
963 1856 1105 1918 lulianus
1126 1857 1353 1920 illustrioribus
1374 1881 1425 1920 er·

280 1957 437 2040 gementis
457 1958 645 2018 sententiam
665 1955 770 2039 Satyri
790 1956 893 2020 denuo
911 1959 1092 2023 instruetsm
1109 1960 1285 2041 proposuit,
1306 1981 1360 2023 eeu
1377 1962 1424 2022 illi

281 2063 315 2124 in
338 2071 463 2124 vetusto
485 2059 726 2141 inveteratoque
746 2061 867 2122 tersuri
889 2080 998 2122 more
1018 2061 1222 2141 videbantur,
1251 2083 1304 2126 een
1326 2065 1424 2145 speci.

280 2183 353 2226 men
376 2159 535 2223 doctrinae
555 2163 730 2224 obsoletum
753 2174 850 2244 atque
870 2163 1030 2226 oblivione
1054 2165 1180 2245 pridem
1200 2168 1349 2230 &rutum
1370 2186 1425 2230 vo·

279 2258 341 2329 init
362 2264 521 2327 exhibere.
567 2263 628 2325 Sed
651 2265 761 2346 quanti
789 2264 938 2341 judicium
959 2267 1137 2329 Phavorini'
1153 2267 1329 2330 haberium
1355 2269 1424 2336 est?

279 2371 329 2432 De
358 2367 549 2444 Periphante
571 2365 659 2425 ¹nihil
688 2365 750 2428 nisi
777 2379 822 2426 ex
850 2367 1006 2445 Diogenis
1024 2369 1095 2430 loco
1123 2369 1340 2450 comperimus.
1382 2373 1425 2436 At

281 2469 481 2553 grammatico
509 2466 611 2529 deluit
632 2467 716 2529 haucl
740 2467 835 2530 dubie
862 2471 953 2550 copia
982 2470 1161 2552 doctrinae,
1191 2477 1286 2554 quani
1307 2493 1345 2534 ue
1368 2471 1425 2535 Sa·

280 2589 353 2658 tyro
376 2569 502 2653 quidem
525 2569 673 2630 adhibere
692 2571 792 2632 licuit.
1203 2593 1205 2598 ·

297 2665 320 2698 ⁵
365 2673 524 2750 Diogenes
546 2671 691 2732 Le'e'rtius
706 2674 761 2748 Vl,
783 2676 812 2748 2,
836 2676 877 2734 12
895 2671 1065 2755 Sinopensi
1086 2676 1135 2738 ilii
1156 2678 1348 2758 philosopho
1368 2697 1424 2738 no-

280 2774 422 2841 minatim
444 2786 563 2854 septem
583 2775 758 2854 tragoedias
780 2774 946 2838 adscribit:
967 2779 1146 2862 τραγῳδίαι
1166 2775 1266 2848 insci·
1287 2774 1425 2864 Ἑλένη,

279 2881 452 2960 Θυέστης,
472 2873 646 2959 Ἡρακλῆς
654 2925 664 2956 ,
685 2871 884 2964 Ἀχιλλεύς,
905 2877 1060 2963 Μήδεια,
1079 2875 1302 2964 Χρύσιππος,
1325 2881 1424 2946 Οἰδί-

282 2977 379 3054 nove.
423 2975 539 3042 Omisit
559 2998 674 3040 nomen
697 2979 882 3056 Semelae,
904 2982 944 3042 ab
964 2982 1127 3044 Ameneeo
1152 2985 1241 3046 XlV.
1261 3006 1294 3063 p.
1312 2983 1424 3046 osen

279 3082 434 3146 laudatae.
477 3078 538 3142 sed
565 3079 603 3141 de
625 3090 694 3142 toto
716 3083 775 3143 hoc
796 3101 927 3144 numero
947 3083 1086 3146 Eudoeis
1108 3097 1139 3148 et
1161 3085 1274 3148 Suides
1295 3105 1424 3149 musen-

280 3177 372 3250 iiunt.
414 3183 637 3273 Fragmentum
659 3203 700 3244 ex
726 3183 1131 3268 HerculeTertullianus
1159 3189 1294 3267 Apolog.
1319 3189 1375 3262 11,
1406 3206 1423 3246 e

279 3287 445 3370 Thyeste
467 3286 625 3363 Diogenes
647 3285 790 3348 La'e‘rtius
812 3287 868 3362 Vl,
890 3291 920 3363 2,
944 3291 964 3349 6
987 3288 1103 3352 citavit.
1146 3289 1227 3354 Sunt
1249 3291 1328 3356 eliae
1349 3287 1424 3350 reli·

281 3391 372 3471 quiae
401 3409 452 3466 ep.
480 3385 577 3448 (ilem.
598 3388 689 3450 Alex.
712 3388 752 3462 li,
780 3409 813 3466 p.
830 3392 895 3450 412
918 3389 960 3450 B·
999 3389 1095 3455 Stet„
1114 3413 1166 3472 ep.
1189 3392 1300 3454 Wech.
1324 3389 1423 3456 Serm.

283 3493 355 3566 139,
377 3491 451 3562 194,
473 3491 547 3550 246.
589 3489 692 3570 Etym.
716 3491 823 3568 Magn.
846 3509 871 3552 a.
893 3512 932 3554 v.·
946 3487 1192 3576 α’νὲιβαλλίὸες,
1221 3487 1369 3572 iunones
1388 3488 1424 3574 ¹)-

296 3631 299 3636 -
365 3588 475 3668 Itaque
489 3590 657 3668 tragoediis
671 3591 830 3653 materiem
846 3593 975 3668 subjecit
989 3605 1056 3654 tum
1066 3593 1321 3677 acceptissimam,
1340 3611 1425 3674 ques

280 3693 334 3756 vel
354 3692 518 3754 atrocitate
546 3692 667 3754 animos
693 3693 901 3773 spectantium
929 3697 1074 3773 graviter.
1090 3713 1283 3759 commovere
1306 3705 1425 3774 posset,

278 3793 332 3858 vel
354 3793 393 3855 ad
414 3795 554 3856 favorem
577 3795 749 3858 effeminati
770 3799 882 3877 populi
903 3799 1061 3861 amoribus
1088 3795 1299 3862 describendis
1326 3795 1425 3875 aptis·

279 3898 358 3960 sime
385 3910 483 3976 esset,
515 3909 549 3958 ut
571 3898 650 3958 aliee
678 3906 786 3963 eurum
814 3901 1165 3981 corruptionemartis,
1192 3901 1272 3962 aliae
1292 3897 1424 3963 effusam

279 4015 402 4063 morum
425 4000 587 4064 mollitiem
608 4001 822 4082 ostenderent.
841 4055 844 4064 Δ
864 4003 989 4066 Atracis
1012 4004 1094 4066 enim
1117 4002 1425 4082 generis'Herculee,

284 4239 287 4249 ¹
329 4248 332 4256 ’
354 4248 382 4318 1)
401 4228 438 4304 lix
457 4253 586 4325 Lipsiensi
606 4253 748 4325 exemplari
765 4255 852 4321 rideo,
873 4253 963 4309 iocum
983 4275 1025 4327 ap.
1044 4252 1120 4308 Stoh.
1135 4252 1234 4306 Wech.
1254 4249 1343 4305 Sctm.
1362 4253 1424 4316 139,
1519 4217 1520 4228 γ

281 4353 362 4406 quem
379 4337 494 4410 Diogeni
514 4333 662 4406 triliuimus,
681 4341 714 4394 ab
734 4339 790 4396 aliia
809 4339 1015 4415 Dionysioesse
1032 4339 1207 4414 adscriptum.
1242 4339 1426 4394 Nihilominus

281 4424 317 4476 tie
328 4423 382 4478 illie
399 4445 441 4497 ap.
458 4427 547 4518 Etpm.
563 4429 658 4500 Magn·
676 4428 856 4486 lordlionibua
872 4444 961 4506 potest
978 4432 1101 4486 dubitari.
1133 4449 1148 4480 ’.
1168 4449 1172 4460 ·
1199 4449 1202 4456 ’
