<?xml version="1.0" encoding="UTF-8"?>
<!DOCTYPE html PUBLIC "-//W3C//DTD XHTML 1.0 Transitional//EN"
    "http://www.w3.org/TR/xhtml1/DTD/xhtml1-transitional.dtd">
<html xmlns="http://www.w3.org/1999/xhtml" xml:lang="en" lang="en">
 <head>
  <title>
</title>
<meta http-equiv="Content-Type" content="text/html;charset=utf-8" />
  <meta name='ocr-system' content='tesseract 3.04.00' />
  <meta name='ocr-capabilities' content='ocr_page ocr_carea ocr_par ocr_line ocrx_word'/>
</head>
<body>
  <div class='ocr_page' id='page_1' title='image "./historiacritica01kaysgoog_0297.png"; bbox 0 0 3060 5000; ppageno 0'>
   <div class='ocr_carea' id='block_1_1' title="bbox 652 347 728 420">
    <p class='ocr_par' dir='ltr' id='par_1_1' title="bbox 652 347 728 420">
     <span class='ocr_line' id='line_1_1' title="bbox 652 347 728 420; baseline 0.026 -2"><span class='ocrx_word' id='word_1_1' title='bbox 652 347 728 420; x_wconf 78' lang='lat'><strong>255</strong></span> 
     </span>
    </p>
   </div>
   <div class='ocr_carea' id='block_1_2' title="bbox 109 521 1351 4526">
    <p class='ocr_par' dir='ltr' id='par_1_2' title="bbox 109 521 1351 4526">
     <span class='ocr_line' id='line_1_2' title="bbox 114 521 1262 620; baseline 0.013 -33"><span class='ocrx_word' id='word_1_2' title='bbox 114 547 178 610; x_wconf 87' lang='lat' dir='ltr'><strong>qus</strong></span> <span class='ocrx_word' id='word_1_3' title='bbox 200 521 258 588; x_wconf 87' lang='lat' dir='ltr'><strong>di&#39;u</strong></span> <span class='ocrx_word' id='word_1_4' title='bbox 279 529 489 595; x_wconf 80' lang='lat' dir='ltr'><strong>commoratus</strong></span> <span class='ocrx_word' id='word_1_5' title='bbox 511 535 575 607; x_wconf 87' lang='lat' dir='ltr'><strong>est,</strong></span> <span class='ocrx_word' id='word_1_6' title='bbox 601 527 737 610; x_wconf 83' lang='lat' dir='ltr'><strong>Diogen.</strong></span> <span class='ocrx_word' id='word_1_7' title='bbox 757 529 794 595; x_wconf 85' lang='lat' dir='ltr'><strong>L.</strong></span> <span class='ocrx_word' id='word_1_8' title='bbox 815 531 872 611; x_wconf 81' lang='lat' dir='ltr'><strong>Vl,</strong></span> <span class='ocrx_word' id='word_1_9' title='bbox 894 535 925 610; x_wconf 81' lang='lat'><strong>2,</strong></span> <span class='ocrx_word' id='word_1_10' title='bbox 948 536 968 594; x_wconf 81' lang='lat'><strong>2</strong></span> <span class='ocrx_word' id='word_1_11' title='bbox 990 531 1039 596; x_wconf 88' lang='lat' dir='ltr'><strong>ed.</strong></span> <span class='ocrx_word' id='word_1_12' title='bbox 1060 533 1174 614; x_wconf 70' lang='lat' dir='ltr'><strong>Long,</strong></span> <span class='ocrx_word' id='word_1_13' title='bbox 1202 557 1262 620; x_wconf 86' lang='lat' dir='ltr'><strong>pro</strong></span> 
     </span>
     <span class='ocr_line' id='line_1_3' title="bbox 114 627 1263 724; baseline 0.01 -32"><span class='ocrx_word' id='word_1_14' title='bbox 114 628 221 710; x_wconf 87' lang='lat' dir='ltr'><strong>patria</strong></span> <span class='ocrx_word' id='word_1_15' title='bbox 249 629 426 711; x_wconf 81' lang='lat' dir='ltr'><strong>nuncupari</strong></span> <span class='ocrx_word' id='word_1_16' title='bbox 457 627 673 695; x_wconf 86' lang='lat' dir='ltr'><strong>deversorium</strong></span> <span class='ocrx_word' id='word_1_17' title='bbox 694 633 826 713; x_wconf 76' lang='lat' dir='ltr'><strong>&#39;potirit,</strong></span> <span class='ocrx_word' id='word_1_18' title='bbox 862 633 948 717; x_wconf 90' lang='lat' dir='ltr'><strong>quod</strong></span> <span class='ocrx_word' id='word_1_19' title='bbox 979 636 1107 718; x_wconf 87' lang='lat' dir='ltr'><strong>quidem</strong></span> <span class='ocrx_word' id='word_1_20' title='bbox 1140 641 1263 724; x_wconf 75' lang='lat' dir='ltr'><strong>antiqui</strong></span> 
     </span>
     <span class='ocr_line' id='line_1_4' title="bbox 115 732 1262 816; baseline 0.012 -23"><span class='ocrx_word' id='word_1_21' title='bbox 115 732 536 813; x_wconf 61' lang='lat' dir='ltr'><strong>saepenumereiecerunt&#39;,</strong></span> <span class='ocrx_word' id='word_1_22' title='bbox 570 733 687 814; x_wconf 85' lang='lat' dir='ltr'><strong>partim</strong></span> <span class='ocrx_word' id='word_1_23' title='bbox 719 745 853 816; x_wconf 89' lang='lat' dir='ltr'><strong>propter</strong></span> <span class='ocrx_word' id='word_1_24' title='bbox 882 736 1040 814; x_wconf 86' lang='lat' dir='ltr'><strong>ingentem</strong></span> <span class='ocrx_word' id='word_1_25' title='bbox 1068 741 1262 807; x_wconf 74' lang='lat' dir='ltr'><strong>Athenarum</strong></span> 
     </span>
     <span class='ocr_line' id='line_1_5' title="bbox 115 833 1263 924; baseline 0.004 -26"><span class='ocrx_word' id='word_1_26' title='bbox 115 837 268 916; x_wconf 84' lang='lat' dir='ltr'><strong>gloriam,</strong></span> <span class='ocrx_word' id='word_1_27' title='bbox 297 836 351 898; x_wconf 80' lang='lat' dir='ltr'><strong>ubi</strong></span> <span class='ocrx_word' id='word_1_28' title='bbox 370 835 543 916; x_wconf 74' lang='lat' dir='ltr'><strong>sapientiae</strong></span> <span class='ocrx_word' id='word_1_29' title='bbox 566 833 678 898; x_wconf 88' lang='lat' dir='ltr'><strong>studiis</strong></span> <span class='ocrx_word' id='word_1_30' title='bbox 699 837 864 916; x_wconf 88' lang='lat' dir='ltr'><strong>inclaruit,</strong></span> <span class='ocrx_word' id='word_1_31' title='bbox 893 841 1007 920; x_wconf 89' lang='lat' dir='ltr'><strong>partim</strong></span> <span class='ocrx_word' id='word_1_32' title='bbox 1030 841 1105 924; x_wconf 88' lang='lat' dir='ltr'><strong>quia</strong></span> <span class='ocrx_word' id='word_1_33' title='bbox 1126 842 1172 920; x_wconf 88' lang='lat' dir='ltr'><strong>ei,</strong></span> <span class='ocrx_word' id='word_1_34' title='bbox 1195 855 1263 906; x_wconf 75' lang='lat' dir='ltr'><strong>tan.</strong></span> 
     </span>
     <span class='ocr_line' id='line_1_6' title="bbox 115 941 1263 1025; baseline 0.009 -27"><span class='ocrx_word' id='word_1_35' title='bbox 115 959 211 1020; x_wconf 83' lang='lat' dir='ltr'><strong>quam</strong></span> <span class='ocrx_word' id='word_1_36' title='bbox 233 942 352 1020; x_wconf 77' lang='lat' dir='ltr'><strong>tragico</strong></span> <span class='ocrx_word' id='word_1_37' title='bbox 375 946 496 1021; x_wconf 79' lang='lat' dir='ltr'><strong>poetae,</strong></span> <span class='ocrx_word' id='word_1_38' title='bbox 517 941 707 1004; x_wconf 75' lang='lat' dir='ltr'><strong>Atheniense</strong></span> <span class='ocrx_word' id='word_1_39' title='bbox 728 962 825 1022; x_wconf 87' lang='lat' dir='ltr'><strong>genus</strong></span> <span class='ocrx_word' id='word_1_40' title='bbox 845 945 913 1018; x_wconf 84' lang='lat' dir='ltr'><strong>jure</strong></span> <span class='ocrx_word' id='word_1_41' title='bbox 933 942 1069 1025; x_wconf 88' lang='lat' dir='ltr'><strong>quodam</strong></span> <span class='ocrx_word' id='word_1_42' title='bbox 1087 943 1194 1008; x_wconf 86' lang='lat' dir='ltr'><strong>deberi</strong></span> <span class='ocrx_word' id='word_1_43' title='bbox 1215 947 1263 1012; x_wconf 80' lang='lat' dir='ltr'><strong>vi·</strong></span> 
     </span>
     <span class='ocr_line' id='line_1_7' title="bbox 115 1043 1262 1129; baseline 0.003 -23"><span class='ocrx_word' id='word_1_44' title='bbox 115 1043 261 1108; x_wconf 86' lang='lat' dir='ltr'><strong>debatur.</strong></span> <span class='ocrx_word' id='word_1_45' title='bbox 312 1046 421 1128; x_wconf 87' lang='lat' dir='ltr'><strong>Neque</strong></span> <span class='ocrx_word' id='word_1_46' title='bbox 444 1065 515 1108; x_wconf 90' lang='lat' dir='ltr'><strong>cum</strong></span> <span class='ocrx_word' id='word_1_47' title='bbox 543 1044 652 1108; x_wconf 85' lang='lat' dir='ltr'><strong>natatis</strong></span> <span class='ocrx_word' id='word_1_48' title='bbox 673 1045 828 1108; x_wconf 84' lang='lat' dir='ltr'><strong>rationem</strong></span> <span class='ocrx_word' id='word_1_49' title='bbox 851 1045 1014 1123; x_wconf 86' lang='lat' dir='ltr'><strong>habueris,</strong></span> <span class='ocrx_word' id='word_1_50' title='bbox 1045 1046 1133 1129; x_wconf 85' lang='lat' dir='ltr'><strong>quod</strong></span> <span class='ocrx_word' id='word_1_51' title='bbox 1153 1060 1262 1120; x_wconf 81' lang='lat' dir='ltr'><strong>contra</strong></span> 
     </span>
     <span class='ocr_line' id='line_1_8' title="bbox 114 1147 1262 1229; baseline 0.005 -21"><span class='ocrx_word' id='word_1_52' title='bbox 114 1167 253 1225; x_wconf 85' lang='lat' dir='ltr'><strong>moneas,</strong></span> <span class='ocrx_word' id='word_1_53' title='bbox 277 1149 366 1210; x_wconf 85' lang='lat' dir='ltr'><strong>facile</strong></span> <span class='ocrx_word' id='word_1_54' title='bbox 386 1148 538 1212; x_wconf 81' lang='lat' dir='ltr'><strong>invenies.</strong></span> <span class='ocrx_word' id='word_1_55' title='bbox 580 1148 661 1219; x_wconf 86' lang='lat' dir='ltr'><strong>Nam</strong></span> <span class='ocrx_word' id='word_1_56' title='bbox 683 1149 842 1229; x_wconf 85' lang='lat' dir='ltr'><strong>Diogenes</strong></span> <span class='ocrx_word' id='word_1_57' title='bbox 863 1147 979 1214; x_wconf 84' lang='lat' dir='ltr'><strong>Suidae.</strong></span> <span class='ocrx_word' id='word_1_58' title='bbox 1001 1147 1091 1228; x_wconf 80' lang='lat' dir='ltr'><strong>vixit,</strong></span> <span class='ocrx_word' id='word_1_59' title='bbox 1114 1173 1181 1212; x_wconf 86' lang='lat' dir='ltr'><strong>eum</strong></span> <span class='ocrx_word' id='word_1_60' title='bbox 1205 1149 1262 1214; x_wconf 91' lang='lat' dir='ltr'><strong>do·</strong></span> 
     </span>
     <span class='ocr_line' id='line_1_9' title="bbox 114 1248 1262 1330; baseline 0.002 -18"><span class='ocrx_word' id='word_1_61' title='bbox 114 1249 248 1312; x_wconf 89' lang='lat' dir='ltr'><strong>minatio</strong></span> <span class='ocrx_word' id='word_1_62' title='bbox 278 1248 407 1330; x_wconf 81' lang='lat' dir='ltr'><strong>triginta</strong></span> <span class='ocrx_word' id='word_1_63' title='bbox 437 1250 577 1313; x_wconf 83' lang='lat' dir='ltr'><strong>virorum</strong></span> <span class='ocrx_word' id='word_1_64' title='bbox 607 1252 729 1318; x_wconf 86' lang='lat' dir='ltr'><strong>sublata</strong></span> <span class='ocrx_word' id='word_1_65' title='bbox 757 1265 818 1328; x_wconf 85' lang='lat' dir='ltr'><strong>est,</strong></span> <span class='ocrx_word' id='word_1_66' title='bbox 848 1250 899 1316; x_wconf 90' lang='lat'><strong>01.</strong></span> <span class='ocrx_word' id='word_1_67' title='bbox 922 1255 973 1330; x_wconf 83' lang='lat'><strong>94,</strong></span> <span class='ocrx_word' id='word_1_68' title='bbox 993 1259 1027 1316; x_wconf 85' lang='lat'><strong>4.</strong></span> <span class='ocrx_word' id='word_1_69' title='bbox 1078 1252 1118 1314; x_wconf 91' lang='lat' dir='ltr'><strong>Et</strong></span> <span class='ocrx_word' id='word_1_70' title='bbox 1140 1254 1262 1316; x_wconf 84' lang='lat' dir='ltr'><strong>Melan·</strong></span> 
     </span>
     <span class='ocr_line' id='line_1_10' title="bbox 114 1350 1261 1436; baseline 0.003 -23"><span class='ocrx_word' id='word_1_71' title='bbox 114 1353 218 1431; x_wconf 88' lang='lat' dir='ltr'><strong>thius,</strong></span> <span class='ocrx_word' id='word_1_72' title='bbox 247 1352 303 1434; x_wconf 90' lang='lat' dir='ltr'><strong>qui</strong></span> <span class='ocrx_word' id='word_1_73' title='bbox 324 1355 362 1414; x_wconf 93' lang='lat' dir='ltr'><strong>ab</strong></span> <span class='ocrx_word' id='word_1_74' title='bbox 385 1350 434 1417; x_wconf 90' lang='lat' dir='ltr'><strong>Ol.</strong></span> <span class='ocrx_word' id='word_1_75' title='bbox 461 1356 512 1431; x_wconf 83' lang='lat'><strong>89,</strong></span> <span class='ocrx_word' id='word_1_76' title='bbox 534 1357 677 1436; x_wconf 62' lang='lat' dir='ltr'><strong>busque</strong></span> <span class='ocrx_word' id='word_1_77' title='bbox 700 1351 752 1418; x_wconf 88' lang='lat'><strong>01.</strong></span> <span class='ocrx_word' id='word_1_78' title='bbox 776 1359 848 1432; x_wconf 84' lang='lat'><strong>102,</strong></span> <span class='ocrx_word' id='word_1_79' title='bbox 873 1361 892 1419; x_wconf 84' lang='lat'>3</span> <span class='ocrx_word' id='word_1_80' title='bbox 924 1355 1022 1431; x_wconf 85' lang='lat' dir='ltr'><strong>vixit,</strong></span> <span class='ocrx_word' id='word_1_81' title='bbox 1050 1355 1169 1418; x_wconf 81' lang='lat' dir='ltr'><strong>fabulas</strong></span> <span class='ocrx_word' id='word_1_82' title='bbox 1195 1361 1261 1432; x_wconf 89' lang='lat' dir='ltr'><strong>ejus</strong></span> 
     </span>
     <span class='ocr_line' id='line_1_11' title="bbox 114 1454 1261 1538; baseline 0.002 -22"><span class='ocrx_word' id='word_1_83' title='bbox 114 1454 330 1536; x_wconf 82' lang='lat' dir='ltr'><strong>reprehendit.</strong></span> <span class='ocrx_word' id='word_1_84' title='bbox 372 1457 530 1518; x_wconf 74' lang='lat' dir='ltr'><strong>Plutarch.</strong></span> <span class='ocrx_word' id='word_1_85' title='bbox 552 1455 591 1518; x_wconf 88' lang='lat' dir='ltr'><strong>de</strong></span> <span class='ocrx_word' id='word_1_86' title='bbox 609 1455 717 1521; x_wconf 82' lang='lat' dir='ltr'><strong>Audit.</strong></span> <span class='ocrx_word' id='word_1_87' title='bbox 738 1460 767 1520; x_wconf 85' lang='lat'><strong>5.</strong></span> <span class='ocrx_word' id='word_1_88' title='bbox 810 1459 878 1520; x_wconf 85' lang='lat' dir='ltr'><strong>lam</strong></span> <span class='ocrx_word' id='word_1_89' title='bbox 901 1459 1125 1538; x_wconf 85' lang='lat' dir='ltr'><strong>philosophus,</strong></span> <span class='ocrx_word' id='word_1_90' title='bbox 1154 1458 1181 1518; x_wconf 90' lang='lat' dir='ltr'><strong>si</strong></span> <span class='ocrx_word' id='word_1_91' title='bbox 1204 1478 1261 1521; x_wconf 92' lang='lat' dir='ltr'><strong>uo·</strong></span> 
     </span>
     <span class='ocr_line' id='line_1_12' title="bbox 113 1559 1260 1638; baseline 0.003 -19"><span class='ocrx_word' id='word_1_92' title='bbox 113 1559 243 1638; x_wconf 88' lang='lat' dir='ltr'><strong>naginta</strong></span> <span class='ocrx_word' id='word_1_93' title='bbox 260 1577 357 1622; x_wconf 85' lang='lat' dir='ltr'><strong>anuos</strong></span> <span class='ocrx_word' id='word_1_94' title='bbox 374 1559 492 1637; x_wconf 88' lang='lat' dir='ltr'><strong>habuit,</strong></span> <span class='ocrx_word' id='word_1_95' title='bbox 513 1580 584 1624; x_wconf 91' lang='lat' dir='ltr'><strong>cum</strong></span> <span class='ocrx_word' id='word_1_96' title='bbox 605 1573 747 1624; x_wconf 88' lang='lat' dir='ltr'><strong>mortuus</strong></span> <span class='ocrx_word' id='word_1_97' title='bbox 770 1573 825 1638; x_wconf 89' lang='lat' dir='ltr'><strong>est,</strong></span> <span class='ocrx_word' id='word_1_98' title='bbox 848 1572 880 1624; x_wconf 89' lang='lat' dir='ltr'><strong>et</strong></span> <span class='ocrx_word' id='word_1_99' title='bbox 902 1561 929 1622; x_wconf 88' lang='lat' dir='ltr'><strong>si</strong></span> <span class='ocrx_word' id='word_1_100' title='bbox 951 1560 1061 1626; x_wconf 89' lang='lat' dir='ltr'><strong>eodem</strong></span> <span class='ocrx_word' id='word_1_101' title='bbox 1084 1559 1134 1624; x_wconf 91' lang='lat' dir='ltr'><strong>die</strong></span> <span class='ocrx_word' id='word_1_102' title='bbox 1157 1559 1260 1625; x_wconf 81' lang='lat' dir='ltr'><strong>deces-</strong></span> 
     </span>
     <span class='ocr_line' id='line_1_13' title="bbox 113 1658 1259 1744; baseline 0.001 -21"><span class='ocrx_word' id='word_1_103' title='bbox 113 1661 173 1740; x_wconf 87' lang='lat' dir='ltr'><strong>sit,</strong></span> <span class='ocrx_word' id='word_1_104' title='bbox 203 1672 269 1744; x_wconf 87' lang='lat' dir='ltr'><strong>qu&#39;o</strong></span> <span class='ocrx_word' id='word_1_105' title='bbox 290 1658 469 1724; x_wconf 82' lang='lat' dir='ltr'><strong>Alexander</strong></span> <span class='ocrx_word' id='word_1_106' title='bbox 491 1660 573 1724; x_wconf 89' lang='lat' dir='ltr'><strong>diem</strong></span> <span class='ocrx_word' id='word_1_107' title='bbox 601 1683 781 1743; x_wconf 87' lang='lat' dir='ltr'><strong>supremum</strong></span> <span class='ocrx_word' id='word_1_108' title='bbox 808 1663 969 1742; x_wconf 88' lang='lat' dir='ltr'><strong>Babylone</strong></span> <span class='ocrx_word' id='word_1_109' title='bbox 998 1661 1093 1738; x_wconf 90' lang='lat' dir='ltr'><strong>obiit,</strong></span> <span class='ocrx_word' id='word_1_110' title='bbox 1126 1663 1259 1742; x_wconf 83' lang='lat' dir='ltr'><strong>Diogen.</strong></span> 
     </span>
     <span class='ocr_line' id='line_1_14' title="bbox 113 1763 1260 1846; baseline 0 -20"><span class='ocrx_word' id='word_1_111' title='bbox 113 1763 222 1829; x_wconf 68' lang='lat' dir='ltr'><strong>Lassa.</strong></span> <span class='ocrx_word' id='word_1_112' title='bbox 242 1765 298 1841; x_wconf 87' lang='lat' dir='ltr'><strong>XI,</strong></span> <span class='ocrx_word' id='word_1_113' title='bbox 320 1767 373 1828; x_wconf 76' lang='lat' dir='ltr'><strong>ts.</strong></span> <span class='ocrx_word' id='word_1_114' title='bbox 415 1763 504 1828; x_wconf 90' lang='lat' dir='ltr'><strong>Suid.</strong></span> <span class='ocrx_word' id='word_1_115' title='bbox 535 1787 560 1828; x_wconf 87' lang='lat' dir='ltr'><strong>s.</strong></span> <span class='ocrx_word' id='word_1_116' title='bbox 581 1787 611 1830; x_wconf 80' lang='lat' dir='ltr'><strong>v.</strong></span> <span class='ocrx_word' id='word_1_117' title='bbox 639 1768 766 1828; x_wconf 87' lang='lat' dir='ltr'><strong>Petav.</strong></span> <span class='ocrx_word' id='word_1_118' title='bbox 790 1765 916 1828; x_wconf 85' lang='lat' dir='ltr'><strong>Retico.</strong></span> <span class='ocrx_word' id='word_1_119' title='bbox 942 1765 1113 1846; x_wconf 71' lang='lat' dir='ltr'><strong>Teum-ll,</strong></span> <span class='ocrx_word' id='word_1_120' title='bbox 1138 1768 1260 1844; x_wconf 83' lang='grc'>13,12,</span> 
     </span>
     <span class='ocr_line' id='line_1_15' title="bbox 113 1863 1259 1948; baseline -0.003 -18"><span class='ocrx_word' id='word_1_121' title='bbox 113 1863 166 1930; x_wconf 83' lang='lat'><strong>01.</strong></span> <span class='ocrx_word' id='word_1_122' title='bbox 188 1870 242 1945; x_wconf 82' lang='lat' dir='ltr'><strong>ot,</strong></span> <span class='ocrx_word' id='word_1_123' title='bbox 264 1871 284 1930; x_wconf 87' lang='grc'>3</span> <span class='ocrx_word' id='word_1_124' title='bbox 307 1879 398 1932; x_wconf 86' lang='lat' dir='ltr'><strong>nutus</strong></span> <span class='ocrx_word' id='word_1_125' title='bbox 419 1868 490 1932; x_wconf 85' lang='lat' dir='ltr'><strong>luit.</strong></span> <span class='ocrx_word' id='word_1_126' title='bbox 533 1869 616 1948; x_wconf 84' lang='lat' dir='ltr'><strong>Ergo</strong></span> <span class='ocrx_word' id='word_1_127' title='bbox 638 1868 764 1932; x_wconf 88' lang='lat' dir='ltr'><strong>tertium</strong></span> <span class='ocrx_word' id='word_1_128' title='bbox 788 1865 943 1931; x_wconf 87' lang='lat' dir='ltr'><strong>decimum</strong></span> <span class='ocrx_word' id='word_1_129' title='bbox 964 1889 1079 1932; x_wconf 83' lang='lat' dir='ltr'><strong>annttm</strong></span> <span class='ocrx_word' id='word_1_130' title='bbox 1104 1868 1259 1946; x_wconf 78' lang='lat' dir='ltr'><strong>attigerat,</strong></span> 
     </span>
     <span class='ocr_line' id='line_1_16' title="bbox 112 1969 1259 2055; baseline -0.001 -24"><span class='ocrx_word' id='word_1_131' title='bbox 112 1989 180 2053; x_wconf 91' lang='lat' dir='ltr'><strong>quo</strong></span> <span class='ocrx_word' id='word_1_132' title='bbox 202 1983 345 2050; x_wconf 83' lang='lat' dir='ltr'><strong>tempore</strong></span> <span class='ocrx_word' id='word_1_133' title='bbox 366 1971 573 2036; x_wconf 71' lang='lat' dir='ltr'><strong>Athenienses</strong></span> <span class='ocrx_word' id='word_1_134' title='bbox 594 1971 754 2055; x_wconf 85' lang='lat' dir='ltr'><strong>tyrannidi</strong></span> <span class='ocrx_word' id='word_1_135' title='bbox 776 1971 872 2034; x_wconf 88' lang='lat' dir='ltr'><strong>finem</strong></span> <span class='ocrx_word' id='word_1_136' title='bbox 895 1971 1123 2052; x_wconf 81' lang='lat' dir='ltr'><strong>imposuerunt.</strong></span> <span class='ocrx_word' id='word_1_137' title='bbox 1172 1969 1259 2048; x_wconf 83' lang='lat' dir='ltr'><strong>Quae</strong></span> 
     </span>
     <span class='ocr_line' id='line_1_17' title="bbox 112 2072 1259 2158; baseline -0.001 -24"><span class='ocrx_word' id='word_1_138' title='bbox 112 2095 184 2138; x_wconf 90' lang='lat' dir='ltr'><strong>cum</strong></span> <span class='ocrx_word' id='word_1_139' title='bbox 201 2074 333 2152; x_wconf 82' lang='lat' dir='ltr'><strong>itasint,</strong></span> <span class='ocrx_word' id='word_1_140' title='bbox 354 2074 387 2137; x_wconf 88' lang='lat' dir='ltr'><strong>ln</strong></span> <span class='ocrx_word' id='word_1_141' title='bbox 406 2075 631 2156; x_wconf 86' lang='lat' dir='ltr'><strong>philosophum</strong></span> <span class='ocrx_word' id='word_1_142' title='bbox 654 2073 779 2152; x_wconf 86' lang='lat' dir='ltr'><strong>cadunt,</strong></span> <span class='ocrx_word' id='word_1_143' title='bbox 801 2095 882 2158; x_wconf 87' lang='lat' dir='ltr'><strong>quae</strong></span> <span class='ocrx_word' id='word_1_144' title='bbox 903 2072 1014 2139; x_wconf 82' lang='lat' dir='ltr'><strong>Suidas</strong></span> <span class='ocrx_word' id='word_1_145' title='bbox 1036 2073 1155 2134; x_wconf 84' lang='lat' dir='ltr'><strong>scribit.</strong></span> <span class='ocrx_word' id='word_1_146' title='bbox 1196 2072 1259 2134; x_wconf 85' lang='lat' dir='ltr'><strong>Sed</strong></span> 
     </span>
     <span class='ocr_line' id='line_1_18' title="bbox 112 2170 1351 2258; baseline -0.002 -22"><span class='ocrx_word' id='word_1_147' title='bbox 112 2174 192 2257; x_wconf 90' lang='lat' dir='ltr'><strong>quid</strong></span> <span class='ocrx_word' id='word_1_148' title='bbox 223 2187 287 2254; x_wconf 88' lang='lat' dir='ltr'><strong>est,</strong></span> <span class='ocrx_word' id='word_1_149' title='bbox 318 2174 402 2258; x_wconf 89' lang='lat' dir='ltr'><strong>quod</strong></span> <span class='ocrx_word' id='word_1_150' title='bbox 431 2174 470 2238; x_wconf 89' lang='lat' dir='ltr'><strong>de</strong></span> <span class='ocrx_word' id='word_1_151' title='bbox 499 2176 708 2258; x_wconf 84' lang='lat' dir='ltr'><strong>interpretum</strong></span> <span class='ocrx_word' id='word_1_152' title='bbox 737 2177 891 2240; x_wconf 88' lang='lat' dir='ltr'><strong>sententia</strong></span> <span class='ocrx_word' id='word_1_153' title='bbox 919 2174 1035 2239; x_wconf 90' lang='lat' dir='ltr'><strong>dicitur</strong></span> <span class='ocrx_word' id='word_1_154' title='bbox 1061 2170 1260 2242; x_wconf 74' lang='lat' dir='ltr'><strong>Oenomaus?</strong></span> <span class='ocrx_word' id='word_1_155' title='bbox 1347 2231 1351 2234; x_wconf 87' lang='grc'>,</span> 
     </span>
     <span class='ocr_line' id='line_1_19' title="bbox 109 2276 1258 2359; baseline -0.005 -16"><span class='ocrx_word' id='word_1_156' title='bbox 109 2281 182 2344; x_wconf 87' lang='lat' dir='ltr'><strong>Hoc</strong></span> <span class='ocrx_word' id='word_1_157' title='bbox 211 2278 293 2344; x_wconf 86' lang='lat' dir='ltr'><strong>enim</strong></span> <span class='ocrx_word' id='word_1_158' title='bbox 325 2298 496 2358; x_wconf 81' lang='lat' dir='ltr'><strong>cognomen</strong></span> <span class='ocrx_word' id='word_1_159' title='bbox 524 2280 555 2340; x_wconf 89' lang='lat' dir='ltr'><strong>ei</strong></span> <span class='ocrx_word' id='word_1_160' title='bbox 586 2303 604 2342; x_wconf 92' lang='lat' dir='ltr'><strong>a</strong></span> <span class='ocrx_word' id='word_1_161' title='bbox 634 2279 731 2344; x_wconf 88' lang='lat' dir='ltr'><strong>Suida</strong></span> <span class='ocrx_word' id='word_1_162' title='bbox 760 2281 914 2343; x_wconf 90' lang='lat' dir='ltr'><strong>tributum</strong></span> <span class='ocrx_word' id='word_1_163' title='bbox 944 2276 1088 2359; x_wconf 86' lang='lat' dir='ltr'><strong>plerique</strong></span> <span class='ocrx_word' id='word_1_164' title='bbox 1117 2277 1258 2339; x_wconf 89' lang='lat' dir='ltr'><strong>homines</strong></span> 
     </span>
     <span class='ocr_line' id='line_1_20' title="bbox 110 2378 1258 2464; baseline -0.001 -20"><span class='ocrx_word' id='word_1_165' title='bbox 110 2381 249 2458; x_wconf 86' lang='lat' dir='ltr'><strong>eruditi,</strong></span> <span class='ocrx_word' id='word_1_166' title='bbox 268 2381 401 2444; x_wconf 90' lang='lat' dir='ltr'><strong>Lilius</strong></span> <span class='ocrx_word' id='word_1_167' title='bbox 421 2379 624 2464; x_wconf 86' lang='lat' dir='ltr'><strong>Gyruldus</strong></span> <span class='ocrx_word' id='word_1_168' title='bbox 646 2384 667 2447; x_wconf 91' lang='lat' dir='ltr'><strong>l.</strong></span> <span class='ocrx_word' id='word_1_169' title='bbox 688 2383 729 2461; x_wconf 89' lang='grc'><strong>1.,</strong></span> <span class='ocrx_word' id='word_1_170' title='bbox 750 2382 922 2447; x_wconf 86' lang='lat' dir='ltr'><strong>Vossius</strong></span> <span class='ocrx_word' id='word_1_171' title='bbox 945 2383 968 2442; x_wconf 88' lang='lat' dir='ltr'><strong>l.</strong></span> <span class='ocrx_word' id='word_1_172' title='bbox 988 2381 1023 2457; x_wconf 87' lang='grc'><strong>1.,</strong></span> <span class='ocrx_word' id='word_1_173' title='bbox 1045 2378 1258 2443; x_wconf 85' lang='lat' dir='ltr'><strong>Fabricius</strong></span> 
     </span>
     <span class='ocr_line' id='line_1_21' title="bbox 109 2481 1259 2570; baseline 0 -24"><span class='ocrx_word' id='word_1_174' title='bbox 109 2486 186 2564; x_wconf 86' lang='grc'><strong>1.1.,</strong></span> <span class='ocrx_word' id='word_1_175' title='bbox 210 2484 384 2551; x_wconf 86' lang='lat' dir='ltr'><strong>Grotius</strong></span> <span class='ocrx_word' id='word_1_176' title='bbox 404 2488 480 2565; x_wconf 89' lang='grc'><strong>1.1.,</strong></span> <span class='ocrx_word' id='word_1_177' title='bbox 501 2488 850 2570; x_wconf 85' lang='lat' dir='ltr'><strong>Wyttenbaebius</strong></span> <span class='ocrx_word' id='word_1_178' title='bbox 871 2486 912 2552; x_wconf 86' lang='lat' dir='ltr'><strong>ad</strong></span> <span class='ocrx_word' id='word_1_179' title='bbox 932 2487 1089 2550; x_wconf 87' lang='lat' dir='ltr'><strong>Plutarch.</strong></span> <span class='ocrx_word' id='word_1_180' title='bbox 1111 2481 1150 2546; x_wconf 90' lang='lat' dir='ltr'><strong>de</strong></span> <span class='ocrx_word' id='word_1_181' title='bbox 1170 2483 1259 2546; x_wconf 90' lang='lat' dir='ltr'><strong>Rect.</strong></span> 
     </span>
     <span class='ocr_line' id='line_1_22' title="bbox 109 2587 1257 2671; baseline 0.001 -22"><span class='ocrx_word' id='word_1_182' title='bbox 109 2589 184 2655; x_wconf 82' lang='lat' dir='ltr'><strong>Ret.</strong></span> <span class='ocrx_word' id='word_1_183' title='bbox 197 2587 285 2666; x_wconf 69' lang='lat' dir='ltr'><strong>Attd,</strong></span> <span class='ocrx_word' id='word_1_184' title='bbox 300 2593 330 2668; x_wconf 87' lang='grc'><strong>7,</strong></span> <span class='ocrx_word' id='word_1_185' title='bbox 352 2588 502 2656; x_wconf 74' lang='lat' dir='ltr'><strong>Badius</strong></span> <span class='ocrx_word' id='word_1_186' title='bbox 519 2612 552 2671; x_wconf 88' lang='lat' dir='ltr'><strong>p.</strong></span> <span class='ocrx_word' id='word_1_187' title='bbox 564 2593 639 2670; x_wconf 75' lang='lat'><strong>558,</strong></span> <span class='ocrx_word' id='word_1_188' title='bbox 655 2591 861 2660; x_wconf 85' lang='lat' dir='ltr'><strong>affirmarunt.</strong></span> <span class='ocrx_word' id='word_1_189' title='bbox 904 2587 997 2666; x_wconf 86' lang='lat' dir='ltr'><strong>Quod</strong></span> <span class='ocrx_word' id='word_1_190' title='bbox 1011 2587 1257 2652; x_wconf 85' lang='lat' dir='ltr'><strong>Welckerus</strong></span> 
     </span>
     <span class='ocr_line' id='line_1_23' title="bbox 111 2689 1258 2775; baseline -0.004 -22"><span class='ocrx_word' id='word_1_191' title='bbox 111 2713 183 2754; x_wconf 85' lang='lat' dir='ltr'><strong>cunr</strong></span> <span class='ocrx_word' id='word_1_192' title='bbox 206 2691 283 2756; x_wconf 90' lang='lat' dir='ltr'><strong>olim</strong></span> <span class='ocrx_word' id='word_1_193' title='bbox 303 2692 349 2764; x_wconf 81' lang='lat' dir='ltr'><strong>ita</strong></span> <span class='ocrx_word' id='word_1_194' title='bbox 370 2694 583 2775; x_wconf 78' lang='lat' dir='ltr'><strong>probavisset,</strong></span> <span class='ocrx_word' id='word_1_195' title='bbox 612 2706 648 2758; x_wconf 93' lang='lat' dir='ltr'><strong>ut</strong></span> <span class='ocrx_word' id='word_1_196' title='bbox 669 2695 846 2774; x_wconf 79' lang='lat' dir='ltr'><strong>Diogenem</strong></span> <span class='ocrx_word' id='word_1_197' title='bbox 867 2691 1060 2758; x_wconf 84' lang='lat' dir='ltr'><strong>Oenomaum</strong></span> <span class='ocrx_word' id='word_1_198' title='bbox 1083 2690 1116 2752; x_wconf 93' lang='lat' dir='ltr'><strong>in</strong></span> <span class='ocrx_word' id='word_1_199' title='bbox 1137 2689 1177 2750; x_wconf 91' lang='lat' dir='ltr'><strong>iis</strong></span> <span class='ocrx_word' id='word_1_200' title='bbox 1200 2711 1258 2752; x_wconf 88' lang='lat' dir='ltr'><strong>nu·</strong></span> 
     </span>
     <span class='ocr_line' id='line_1_24' title="bbox 110 2789 1258 2879; baseline -0.007 -19"><span class='ocrx_word' id='word_1_201' title='bbox 110 2807 267 2875; x_wconf 87' lang='lat' dir='ltr'><strong>mereret,</strong></span> <span class='ocrx_word' id='word_1_202' title='bbox 291 2795 347 2878; x_wconf 85' lang='lat' dir='ltr'><strong>qui</strong></span> <span class='ocrx_word' id='word_1_203' title='bbox 368 2797 524 2862; x_wconf 84' lang='lat' dir='ltr'><strong>Achillem</strong></span> <span class='ocrx_word' id='word_1_204' title='bbox 543 2795 756 2879; x_wconf 65' lang='lat' dir='ltr'><strong>scripsissent,</strong></span> <span class='ocrx_word' id='word_1_205' title='bbox 780 2799 819 2863; x_wconf 90' lang='lat' dir='ltr'><strong>ab</strong></span> <span class='ocrx_word' id='word_1_206' title='bbox 842 2817 878 2860; x_wconf 82' lang='lat' dir='ltr'><strong>ea</strong></span> <span class='ocrx_word' id='word_1_207' title='bbox 898 2794 1054 2860; x_wconf 87' lang='lat' dir='ltr'><strong>sententis</strong></span> <span class='ocrx_word' id='word_1_208' title='bbox 1075 2813 1179 2872; x_wconf 87' lang='lat' dir='ltr'><strong>nuper</strong></span> <span class='ocrx_word' id='word_1_209' title='bbox 1195 2789 1258 2852; x_wconf 88' lang='lat' dir='ltr'><strong>dis-</strong></span> 
     </span>
     <span class='ocr_line' id='line_1_25' title="bbox 111 2893 1258 2984; baseline -0.005 -24"><span class='ocrx_word' id='word_1_210' title='bbox 111 2899 223 2978; x_wconf 86' lang='lat' dir='ltr'><strong>cessit,</strong></span> <span class='ocrx_word' id='word_1_211' title='bbox 254 2900 415 2982; x_wconf 80' lang='lat' dir='ltr'><strong>terbaque</strong></span> <span class='ocrx_word' id='word_1_212' title='bbox 443 2893 464 2984; x_wconf 81' lang='grc' dir='ltr'><strong><em>ἢ</em></strong></span> <span class='ocrx_word' id='word_1_213' title='bbox 495 2897 674 2982; x_wconf 70' lang='grc' dir='ltr'><strong>Οἰνόμαος</strong></span> <span class='ocrx_word' id='word_1_214' title='bbox 698 2899 772 2963; x_wconf 88' lang='lat' dir='ltr'><strong>iude</strong></span> <span class='ocrx_word' id='word_1_215' title='bbox 786 2899 939 2979; x_wconf 39' lang='lat' dir='ltr'><strong>,proiecta</strong></span> <span class='ocrx_word' id='word_1_216' title='bbox 962 2917 1028 2970; x_wconf 84' lang='lat' dir='ltr'><strong>esse</strong></span> <span class='ocrx_word' id='word_1_217' title='bbox 1057 2894 1258 2970; x_wconf 80' lang='lat' dir='ltr'><strong>existimavit,</strong></span> 
     </span>
     <span class='ocr_line' id='line_1_26' title="bbox 110 2993 1257 3085; baseline -0.008 -21"><span class='ocrx_word' id='word_1_218' title='bbox 110 3001 199 3085; x_wconf 86' lang='lat' dir='ltr'><strong>quod</strong></span> <span class='ocrx_word' id='word_1_219' title='bbox 222 2999 400 3068; x_wconf 84' lang='lat' dir='ltr'><strong>Oenomaus</strong></span> <span class='ocrx_word' id='word_1_220' title='bbox 429 2999 617 3067; x_wconf 78' lang='lat' dir='ltr'><strong>Gatianensis</strong></span> <span class='ocrx_word' id='word_1_221' title='bbox 635 3001 866 3084; x_wconf 83' lang='lat' dir='ltr'><strong>philosophus,</strong></span> <span class='ocrx_word' id='word_1_222' title='bbox 894 2999 933 3064; x_wconf 87' lang='lat' dir='ltr'><strong>de</strong></span> <span class='ocrx_word' id='word_1_223' title='bbox 957 3017 1022 3080; x_wconf 89' lang='lat' dir='ltr'><strong>quo</strong></span> <span class='ocrx_word' id='word_1_224' title='bbox 1045 3007 1159 3077; x_wconf 75' lang='lat' dir='ltr'><strong>postea¹</strong></span> <span class='ocrx_word' id='word_1_225' title='bbox 1175 2993 1257 3056; x_wconf 86' lang='lat' dir='ltr'><strong>dice·</strong></span> 
     </span>
     <span class='ocr_line' id='line_1_27' title="bbox 109 3101 1256 3186; baseline -0.004 -18"><span class='ocrx_word' id='word_1_226' title='bbox 109 3127 201 3184; x_wconf 88' lang='lat' dir='ltr'><strong>mus,</strong></span> <span class='ocrx_word' id='word_1_227' title='bbox 232 3105 408 3184; x_wconf 85' lang='lat' dir='ltr'><strong>tragoedias</strong></span> <span class='ocrx_word' id='word_1_228' title='bbox 438 3105 622 3186; x_wconf 83' lang='lat' dir='ltr'><strong>scripsisset.</strong></span> <span class='ocrx_word' id='word_1_229' title='bbox 674 3101 736 3169; x_wconf 80' lang='lat' dir='ltr'><strong>Sed</strong></span> <span class='ocrx_word' id='word_1_230' title='bbox 766 3124 820 3174; x_wconf 79' lang='lat' dir='ltr'><strong>ex,</strong></span> <span class='ocrx_word' id='word_1_231' title='bbox 834 3101 939 3167; x_wconf 79' lang='lat' dir='ltr'><strong>uerbis</strong></span> <span class='ocrx_word' id='word_1_232' title='bbox 966 3104 1031 3178; x_wconf 79' lang='lat' dir='ltr'><strong>ejus</strong></span> <span class='ocrx_word' id='word_1_233' title='bbox 1055 3118 1256 3180; x_wconf 85' lang='lat' dir='ltr'><strong>nequaquam</strong></span> 
     </span>
     <span class='ocr_line' id='line_1_28' title="bbox 110 3201 1256 3292; baseline -0.005 -22"><span class='ocrx_word' id='word_1_234' title='bbox 110 3209 318 3288; x_wconf 76' lang='lat' dir='ltr'><strong>intelligitur,</strong></span> <span class='ocrx_word' id='word_1_235' title='bbox 340 3207 499 3292; x_wconf 88' lang='lat' dir='ltr'><strong>quomodo</strong></span> <span class='ocrx_word' id='word_1_236' title='bbox 520 3209 623 3272; x_wconf 87' lang='lat' dir='ltr'><strong>locum</strong></span> <span class='ocrx_word' id='word_1_237' title='bbox 643 3205 761 3282; x_wconf 59' lang='lat' dir='ltr'><strong>Susidae</strong></span> <span class='ocrx_word' id='word_1_238' title='bbox 782 3203 1002 3286; x_wconf 77' lang='lat' dir='ltr'><strong>interpretari,</strong></span> <span class='ocrx_word' id='word_1_239' title='bbox 1025 3211 1079 3278; x_wconf 85' lang='lat' dir='ltr'><strong>aut</strong></span> <span class='ocrx_word' id='word_1_240' title='bbox 1100 3201 1256 3280; x_wconf 83' lang='lat' dir='ltr'><strong>corrigere</strong></span> 
     </span>
     <span class='ocr_line' id='line_1_29' title="bbox 111 3307 1256 3395; baseline -0.007 -19"><span class='ocrx_word' id='word_1_241' title='bbox 111 3312 264 3378; x_wconf 78' lang='lat' dir='ltr'><strong>voluerit.</strong></span> <span class='ocrx_word' id='word_1_242' title='bbox 303 3313 571 3392; x_wconf 85' lang='lat' dir='ltr'><strong>Burmannus,</strong></span> <span class='ocrx_word' id='word_1_243' title='bbox 601 3309 730 3395; x_wconf 87' lang='lat' dir='ltr'><strong>aliquod</strong></span> <span class='ocrx_word' id='word_1_244' title='bbox 751 3307 897 3372; x_wconf 83' lang='lat' dir='ltr'><strong>urendum</strong></span> <span class='ocrx_word' id='word_1_245' title='bbox 918 3309 1043 3370; x_wconf 88' lang='lat' dir='ltr'><strong>subesse</strong></span> <span class='ocrx_word' id='word_1_246' title='bbox 1065 3317 1168 3382; x_wconf 77' lang='lat' dir='ltr'><strong>ratus,</strong></span> <span class='ocrx_word' id='word_1_247' title='bbox 1192 3307 1256 3374; x_wconf 79' lang='lat' dir='ltr'><strong>Ot-</strong></span> 
     </span>
     <span class='ocr_line' id='line_1_30' title="bbox 111 3396 1255 3498; baseline -0.01 -14"><span class='ocrx_word' id='word_1_248' title='bbox 111 3409 251 3498; x_wconf 75' lang='grc' dir='ltr'><strong><em>νόμαον</em></strong></span> <span class='ocrx_word' id='word_1_249' title='bbox 272 3435 385 3481; x_wconf 84' lang='lat' dir='ltr'><strong>nomen</strong></span> <span class='ocrx_word' id='word_1_250' title='bbox 406 3434 471 3483; x_wconf 85' lang='lat' dir='ltr'><strong>non</strong></span> <span class='ocrx_word' id='word_1_251' title='bbox 492 3396 617 3498; x_wconf 77' lang='lat' dir='ltr'><strong>potitae,</strong></span> <span class='ocrx_word' id='word_1_252' title='bbox 637 3415 691 3482; x_wconf 88' lang='lat' dir='ltr'><strong>sed</strong></span> <span class='ocrx_word' id='word_1_253' title='bbox 711 3415 835 3486; x_wconf 79' lang='lat' dir='ltr'><strong>[abulae</strong></span> <span class='ocrx_word' id='word_1_254' title='bbox 854 3413 952 3477; x_wconf 88' lang='lat' dir='ltr'><strong>luisse</strong></span> <span class='ocrx_word' id='word_1_255' title='bbox 971 3411 1081 3477; x_wconf 87' lang='lat' dir='ltr'><strong>statuit</strong></span> <span class='ocrx_word' id='word_1_256' title='bbox 1102 3408 1142 3475; x_wconf 88' lang='lat' dir='ltr'><strong>ed</strong></span> <span class='ocrx_word' id='word_1_257' title='bbox 1163 3408 1255 3475; x_wconf 80' lang='lat' dir='ltr'><strong>Ouid.</strong></span> 
     </span>
     <span class='ocr_line' id='line_1_31' title="bbox 112 3516 1256 3599; baseline -0.003 -18"><span class='ocrx_word' id='word_1_258' title='bbox 112 3519 208 3590; x_wconf 84' lang='lat' dir='ltr'><strong>Trist.</strong></span> <span class='ocrx_word' id='word_1_259' title='bbox 222 3519 260 3598; x_wconf 92' lang='lat' dir='ltr'><strong>ll,</strong></span> <span class='ocrx_word' id='word_1_260' title='bbox 274 3522 348 3584; x_wconf 78' lang='lat'><strong>385.</strong></span> <span class='ocrx_word' id='word_1_261' title='bbox 390 3520 458 3584; x_wconf 86' lang='lat' dir='ltr'><strong>Jam</strong></span> <span class='ocrx_word' id='word_1_262' title='bbox 481 3521 668 3588; x_wconf 73' lang='lat' dir='ltr'><strong>etesiarum</strong></span> <span class='ocrx_word' id='word_1_263' title='bbox 684 3518 835 3588; x_wconf 73' lang='lat' dir='ltr'><strong>memoria</strong></span> <span class='ocrx_word' id='word_1_264' title='bbox 853 3516 970 3583; x_wconf 88' lang='lat' dir='ltr'><strong>nullius</strong></span> <span class='ocrx_word' id='word_1_265' title='bbox 991 3517 1054 3585; x_wconf 89' lang='lat' dir='ltr'><strong>loci</strong></span> <span class='ocrx_word' id='word_1_266' title='bbox 1074 3516 1169 3595; x_wconf 80' lang='lat' dir='ltr'><strong>subit,</strong></span> <span class='ocrx_word' id='word_1_267' title='bbox 1186 3535 1256 3599; x_wconf 85' lang='lat' dir='ltr'><strong>¹quo</strong></span> 
     </span>
     <span class='ocr_line' id='line_1_32' title="bbox 112 3621 1255 3709; baseline 0 -27"><span class='ocrx_word' id='word_1_268' title='bbox 112 3621 308 3709; x_wconf 83' lang='lat' dir='ltr'><strong>nobilissimo</strong></span> <span class='ocrx_word' id='word_1_269' title='bbox 328 3623 518 3705; x_wconf 87' lang='lat' dir='ltr'><strong>philosopho</strong></span> <span class='ocrx_word' id='word_1_270' title='bbox 539 3622 787 3689; x_wconf 84' lang='lat' dir='ltr'><strong>demonstremus</strong></span> <span class='ocrx_word' id='word_1_271' title='bbox 808 3622 962 3689; x_wconf 86' lang='lat' dir='ltr'><strong>tributum</strong></span> <span class='ocrx_word' id='word_1_272' title='bbox 976 3622 1034 3688; x_wconf 82' lang='lat' dir='ltr'><strong>hoe</strong></span> <span class='ocrx_word' id='word_1_273' title='bbox 1051 3637 1255 3698; x_wconf 85' lang='lat' dir='ltr'><strong>nomenesse,</strong></span> 
     </span>
     <span class='ocr_line' id='line_1_33' title="bbox 112 3722 1254 3808; baseline -0.002 -22"><span class='ocrx_word' id='word_1_274' title='bbox 112 3723 200 3807; x_wconf 90' lang='lat' dir='ltr'><strong>quod</strong></span> <span class='ocrx_word' id='word_1_275' title='bbox 226 3725 371 3808; x_wconf 84' lang='lat' dir='ltr'><strong>inprimis</strong></span> <span class='ocrx_word' id='word_1_276' title='bbox 392 3725 478 3808; x_wconf 88' lang='lat' dir='ltr'><strong>apud</strong></span> <span class='ocrx_word' id='word_1_277' title='bbox 500 3740 623 3790; x_wconf 82' lang='lat' dir='ltr'><strong>ueteres</strong></span> <span class='ocrx_word' id='word_1_278' title='bbox 644 3745 753 3796; x_wconf 60' lang='lat' dir='ltr'><strong>rarum,</strong></span> <span class='ocrx_word' id='word_1_279' title='bbox 774 3725 857 3802; x_wconf 89' lang='lat' dir='ltr'><strong>luit,</strong></span> <span class='ocrx_word' id='word_1_280' title='bbox 887 3737 919 3794; x_wconf 82' lang='lat' dir='ltr'><strong>¹et</strong></span> <span class='ocrx_word' id='word_1_281' title='bbox 947 3722 974 3786; x_wconf 88' lang='lat' dir='ltr'><strong>si</strong></span> <span class='ocrx_word' id='word_1_282' title='bbox 1003 3722 1034 3786; x_wconf 94' lang='lat' dir='ltr'><strong>id</strong></span> <span class='ocrx_word' id='word_1_283' title='bbox 1061 3741 1172 3786; x_wconf 85' lang='lat' dir='ltr'><strong>revera</strong></span> <span class='ocrx_word' id='word_1_284' title='bbox 1200 3725 1254 3786; x_wconf 84' lang='lat' dir='ltr'><strong>he-</strong></span> 
     </span>
     <span class='ocr_line' id='line_1_34' title="bbox 112 3824 1253 3912; baseline 0 -24"><span class='ocrx_word' id='word_1_285' title='bbox 112 3826 248 3908; x_wconf 90' lang='lat' dir='ltr'><strong>buisset,</strong></span> <span class='ocrx_word' id='word_1_286' title='bbox 275 3828 414 3912; x_wconf 87' lang='lat' dir='ltr'><strong>ineptius</strong></span> <span class='ocrx_word' id='word_1_287' title='bbox 437 3842 542 3895; x_wconf 86' lang='lat' dir='ltr'><strong>tamen</strong></span> <span class='ocrx_word' id='word_1_288' title='bbox 564 3851 602 3894; x_wconf 91' lang='lat' dir='ltr'><strong>eo</strong></span> <span class='ocrx_word' id='word_1_289' title='bbox 622 3842 749 3904; x_wconf 81' lang='lat' dir='ltr'><strong>notatus</strong></span> <span class='ocrx_word' id='word_1_290' title='bbox 771 3828 949 3906; x_wconf 84' lang='lat' dir='ltr'><strong>videretur,</strong></span> <span class='ocrx_word' id='word_1_291' title='bbox 977 3840 1146 3908; x_wconf 85' lang='lat' dir='ltr'><strong>propterea</strong></span> <span class='ocrx_word' id='word_1_292' title='bbox 1167 3824 1253 3905; x_wconf 90' lang='lat' dir='ltr'><strong>quod</strong></span> 
     </span>
     <span class='ocr_line' id='line_1_35' title="bbox 112 3925 1254 4015; baseline -0.001 -23"><span class='ocrx_word' id='word_1_293' title='bbox 112 3930 265 4010; x_wconf 86' lang='lat' dir='ltr'><strong>alterum,</strong></span> <span class='ocrx_word' id='word_1_294' title='bbox 297 3932 382 4015; x_wconf 87' lang='lat' dir='ltr'><strong>quod</strong></span> <span class='ocrx_word' id='word_1_295' title='bbox 409 3934 521 4013; x_wconf 80' lang='lat' dir='ltr'><strong>gessit,</strong></span> <span class='ocrx_word' id='word_1_296' title='bbox 551 3953 722 4014; x_wconf 84' lang='lat' dir='ltr'><strong>cognomen</strong></span> <span class='ocrx_word' id='word_1_297' title='bbox 750 3929 867 4000; x_wconf 74' lang='grc' dir='ltr'><em>Κύων·</em></span> <span class='ocrx_word' id='word_1_298' title='bbox 883 3932 976 4009; x_wconf 87' lang='lat' dir='ltr'><strong>louge</strong></span> <span class='ocrx_word' id='word_1_299' title='bbox 996 3930 1061 3993; x_wconf 84' lang='lat' dir='ltr'><strong>&#39;luit</strong></span> <span class='ocrx_word' id='word_1_300' title='bbox 1089 3925 1254 3990; x_wconf 85' lang='lat' dir='ltr'><strong>illustrius.</strong></span> 
     </span>
     <span class='ocr_line' id='line_1_36' title="bbox 111 4025 1253 4118; baseline 0.002 -22"><span class='ocrx_word' id='word_1_301' title='bbox 111 4033 223 4116; x_wconf 87' lang='lat' dir='ltr'><strong>Neque</strong></span> <span class='ocrx_word' id='word_1_302' title='bbox 242 4034 275 4096; x_wconf 95' lang='lat' dir='ltr'><strong>id</strong></span> <span class='ocrx_word' id='word_1_303' title='bbox 290 4037 434 4118; x_wconf 89' lang='lat' dir='ltr'><strong>cuiquem</strong></span> <span class='ocrx_word' id='word_1_304' title='bbox 455 4037 515 4098; x_wconf 89' lang='lat' dir='ltr'><strong>luit</strong></span> <span class='ocrx_word' id='word_1_305' title='bbox 531 4037 675 4112; x_wconf 86' lang='lat' dir='ltr'><strong>aliorum,</strong></span> <span class='ocrx_word' id='word_1_306' title='bbox 696 4034 752 4117; x_wconf 92' lang='lat' dir='ltr'><strong>qui</strong></span> <span class='ocrx_word' id='word_1_307' title='bbox 767 4035 925 4114; x_wconf 85' lang='lat' dir='ltr'><strong>Diogenes</strong></span> <span class='ocrx_word' id='word_1_308' title='bbox 935 4029 1091 4110; x_wconf 82' lang='lat' dir='ltr'><strong>appellati</strong></span> <span class='ocrx_word' id='word_1_309' title='bbox 1107 4025 1253 4110; x_wconf 67' lang='lat' dir='ltr'><strong>(Diogen-</strong></span> 
     </span>
     <span class='ocr_line' id='line_1_37' title="bbox 112 4133 1253 4224; baseline -0.005 -24"><span class='ocrx_word' id='word_1_310' title='bbox 112 4137 264 4218; x_wconf 79' lang='lat' dir='ltr'><strong>LV1,2,</strong></span> <span class='ocrx_word' id='word_1_311' title='bbox 284 4141 339 4224; x_wconf 89' lang='grc'><strong>13)</strong></span> <span class='ocrx_word' id='word_1_312' title='bbox 360 4153 443 4218; x_wconf 88' lang='lat' dir='ltr'><strong>suut,</strong></span> <span class='ocrx_word' id='word_1_313' title='bbox 463 4141 612 4224; x_wconf 87' lang='lat' dir='ltr'><strong>quonium</strong></span> <span class='ocrx_word' id='word_1_314' title='bbox 634 4160 697 4208; x_wconf 89' lang='lat' dir='ltr'><strong>non</strong></span> <span class='ocrx_word' id='word_1_315' title='bbox 720 4141 820 4208; x_wconf 87' lang='lat' dir='ltr'><strong>solutu</strong></span> <span class='ocrx_word' id='word_1_316' title='bbox 843 4139 911 4206; x_wconf 85' lang='lat' dir='ltr'><strong>aliis</strong></span> <span class='ocrx_word' id='word_1_317' title='bbox 933 4135 1126 4215; x_wconf 81' lang='lat' dir='ltr'><strong>temporibus</strong></span> <span class='ocrx_word' id='word_1_318' title='bbox 1147 4133 1253 4212; x_wconf 80' lang='lat' dir='ltr'><strong>vigue-</strong></span> 
     </span>
     <span class='ocr_line' id='line_1_38' title="bbox 111 4237 1253 4329; baseline -0.004 -23"><span class='ocrx_word' id='word_1_319' title='bbox 111 4255 204 4322; x_wconf 88' lang='lat' dir='ltr'><strong>runt,</strong></span> <span class='ocrx_word' id='word_1_320' title='bbox 238 4243 292 4307; x_wconf 88' lang='lat' dir='ltr'><strong>ssd</strong></span> <span class='ocrx_word' id='word_1_321' title='bbox 322 4265 412 4308; x_wconf 89' lang='lat' dir='ltr'><strong>suum</strong></span> <span class='ocrx_word' id='word_1_322' title='bbox 442 4246 576 4329; x_wconf 88' lang='lat' dir='ltr'><strong>quisque</strong></span> <span class='ocrx_word' id='word_1_323' title='bbox 604 4265 773 4325; x_wconf 84' lang='lat' dir='ltr'><strong>cognomen</strong></span> <span class='ocrx_word' id='word_1_324' title='bbox 806 4244 998 4315; x_wconf 89' lang='lat' dir='ltr'><strong>hahuerunt,</strong></span> <span class='ocrx_word' id='word_1_325' title='bbox 1033 4256 1096 4319; x_wconf 94' lang='lat' dir='ltr'><strong>quo</strong></span> <span class='ocrx_word' id='word_1_326' title='bbox 1118 4237 1192 4299; x_wconf 90' lang='lat' dir='ltr'><strong>satis</strong></span> <span class='ocrx_word' id='word_1_327' title='bbox 1214 4240 1253 4302; x_wconf 89' lang='lat' dir='ltr'><strong>ab</strong></span> 
     </span>
     <span class='ocr_line' id='line_1_39' title="bbox 111 4341 1252 4435; baseline -0.004 -25"><span class='ocrx_word' id='word_1_328' title='bbox 111 4349 181 4420; x_wconf 87' lang='lat' dir='ltr'><strong>aliis</strong></span> <span class='ocrx_word' id='word_1_329' title='bbox 203 4349 486 4434; x_wconf 84' lang='lat' dir='ltr'><strong>distinguerentur,</strong></span> <span class='ocrx_word' id='word_1_330' title='bbox 506 4373 563 4417; x_wconf 87' lang='lat' dir='ltr'><strong>uec</strong></span> <span class='ocrx_word' id='word_1_331' title='bbox 584 4351 748 4435; x_wconf 86' lang='lat' dir='ltr'><strong>quiequam</strong></span> <span class='ocrx_word' id='word_1_332' title='bbox 772 4367 879 4412; x_wconf 91' lang='lat' dir='ltr'><strong>eorum</strong></span> <span class='ocrx_word' id='word_1_333' title='bbox 901 4343 1032 4410; x_wconf 87' lang='lat' dir='ltr'><strong>Athenis</strong></span> <span class='ocrx_word' id='word_1_334' title='bbox 1056 4341 1158 4424; x_wconf 87' lang='lat' dir='ltr'><strong>patria</strong></span> <span class='ocrx_word' id='word_1_335' title='bbox 1180 4361 1252 4406; x_wconf 89' lang='lat' dir='ltr'><strong>usus</strong></span> 
     </span>
     <span class='ocr_line' id='line_1_40' title="bbox 112 4446 1251 4526; baseline -0.006 -7"><span class='ocrx_word' id='word_1_336' title='bbox 112 4467 171 4520; x_wconf 89' lang='lat' dir='ltr'><strong>est.</strong></span> <span class='ocrx_word' id='word_1_337' title='bbox 214 4457 282 4520; x_wconf 91' lang='lat' dir='ltr'><strong>Hoc</strong></span> <span class='ocrx_word' id='word_1_338' title='bbox 311 4469 415 4524; x_wconf 88' lang='lat' dir='ltr'><strong>autem</strong></span> <span class='ocrx_word' id='word_1_339' title='bbox 442 4457 629 4526; x_wconf 85' lang='lat' dir='ltr'><strong>vocabulum</strong></span> <span class='ocrx_word' id='word_1_340' title='bbox 656 4466 688 4520; x_wconf 89' lang='lat' dir='ltr'><strong>ct</strong></span> <span class='ocrx_word' id='word_1_341' title='bbox 709 4456 863 4521; x_wconf 89' lang='lat' dir='ltr'><strong>librorum</strong></span> <span class='ocrx_word' id='word_1_342' title='bbox 885 4447 998 4516; x_wconf 89' lang='lat' dir='ltr'><strong>mendo</strong></span> <span class='ocrx_word' id='word_1_343' title='bbox 1021 4459 1053 4512; x_wconf 89' lang='lat' dir='ltr'><strong>et</strong></span> <span class='ocrx_word' id='word_1_344' title='bbox 1075 4467 1182 4512; x_wconf 87' lang='lat' dir='ltr'><strong>errore</strong></span> <span class='ocrx_word' id='word_1_345' title='bbox 1204 4446 1251 4512; x_wconf 86' lang='lat' dir='ltr'><strong>in·</strong></span> 
     </span>
    </p>
   </div>
   <div class='ocr_carea' id='block_1_3' title="bbox 0 0 1534 5000">
    <p class='ocr_par' dir='ltr' id='par_1_3' title="bbox 0 0 1534 5000">
     <span class='ocr_line' id='line_1_41' title="bbox 0 0 1534 5000; baseline 0 1"><span class='ocrx_word' id='word_1_346' title='bbox 0 0 1534 5000; x_wconf 95' lang='lat' dir='ltr'><strong> </strong></span> 
     </span>
    </p>
   </div>
  </div>
 </body>
</html>
