3086 4992
647 333 719 406 107

109 535 278 606 antequam
308 539 428 583 csussm
458 541 518 602 pro
548 523 668 602 populo
690 527 783 600 otgers
804 519 952 601 coeperit.
995 523 1197 586 Demosthen.
1220 523 1263 584 de*

110 614 226 688 Ceron.
255 642 288 704 p.
315 625 377 686 173
412 620 489 706 (ed.'·
505 619 677 708 Beuum).¹
707 622 881 704 Grysar.
909 623 959 687 De
985 623 1105 690 Graec..
1121 625 1259 704 tragoed.

110 731 195 814 qual.
210 738 270 789 etc.
289 748 325 807 p.
337 727 380 788 38
397 737 429 789 et
446 728 500 788 39.
542 727 621 787 item
642 723 800 788 auditores
821 726 963 788 Isocratis
984 727 1176 809 scripserunt
1198 742 1260 792 trs·

111 831 247 912 guadias.
292 829 378 906 Quid
395 849 473 894 uero
489 831 663 894 necessario
679 829 906 907 fructetorum,
927 845 1164 911 numeratores,
1184 845 1260 916 poe·-

109 935 170 996 tica
197 933 307 995 indole
331 953 395 996 nun
419 933 573 1014 praediti,
603 933 642 996 ad
670 934 822 1012 tragicum
849 954 946 1012 genus
976 955 1009 996 se
1036 935 1262 1002 contulissent?

109 1037 270 1100 Nimirum
291 1035 489 1100 incommoda
511 1049 543 1099 et
563 1035 759 1114 detrimenta,
781 1047 939 1118 quotquot
960 1057 1000 1098 ex
1020 1041 1167 1102 oratoriis
1184 1041 1261 1103 arti-

109 1139 188 1203 ficiis
207 1141 337 1203 omnino
356 1137 517 1218 tragoedia
541 1139 633 1220 cepit,
654 1158 693 1200 eo
714 1138 810 1218 magis
832 1139 940 1219 augeri
962 1161 1085 1204 necesse
1107 1144 1176 1220 luit,
1196 1164 1260 1226 quo

110 1245 219 1325 plures
245 1265 313 1306 eam
329 1245 478 1307 restores
501 1241 682 1321 coluerunt,
715 1243 868 1324 peculiari
890 1242 1023 1325 quadam
1046 1242 1181 1308 dictione
1204 1247 1261 1326 usi,

110 1368 193 1430 quae
220 1345 351 1430 quidem
376 1367 393 1408 e
419 1365 509 1410 scena
527 1343 569 1410 'ad
591 1347 714 1412 scholas
736 1367 890 1432 usumque
911 1347 1067 1413 forensem
1090 1347 1260 1431 ableganda

111 1462 202 1513 esset.

199 1573 422 1654 Aphareus.
446 1573 620 1653 Aphareus,
634 1585 742 1636 orator
754 1593 951 1657 nequaquam
965 1577 1124 1655 obscurus,
1136 1575 1261 1640 Ruhn-

110 1678 195 1739 ken.
216 1677 297 1739 Hist.
318 1676 398 1738 crit.
418 1699 451 1758 p.
463 1681 536 1755 341,
557 1675 703 1758 Hippiae,
727 1679 923 1740 celeberrimi
944 1681 1112 1761 sophistae,
1134 1701 1169 1742 ac
1189 1683 1261 1742 Pla·

109 1783 226 1842 thanae
246 1781 328 1843 {ilius
348 1780 417 1841 fuit.
450 1770 537 1842 Suid.
549 1801 573 1842 s.
587 1803 617 1843 v.
635 1773 818 1866 Ἀφοιρσῦσ,
839 1777 1030 1864 Ἀθηναῖοι·
1052 1779 1169 1868 ῥήτωρ,
1189 1776 1262 1854 υἱὸς

109 1885 179 1950 τοῦ
201 1885 358 1967 σοφιστοῦ
376 1876 517 1950 ‘Inatos
540 1883 594 1950 uui
619 1880 834 1962 Πλαθάνης,
864 1877 1030 1966 πρόγονοι·
1052 1880 1087 1948 δὲ
1108 1875 1260 1964 Ἰσοκρά-

109 1992 192 2059 τους
212 1987 273 2051 του
295 1983 445 2074 ῥήτορος.
490 1983 625 2069 Dionys.
646 1985 746 2048 Halic.
769 1984 952 2047 deleuerat.
973 1983 1045 2046 Jud.
1068 1987 1127 2048 tes
1147 1977 1260 2069 Ἀφα-

110 2079 210 2169 ρεύς,
241 2081 259 2151 o‘
290 2083 458 2172 πρόγονός
485 2110 522 2152 τι
554 2089 607 2154 ταὶ
637 2087 832 2173 εἰσποίητος
856 2079 1039 2174 Ἰσοκράτει
1066 2083 1261 2172 γενόμενος.

110 2190 203 2250 Hunc
222 2187 321 2268 igitur
340 2191 489 2253 leocrates
510 2190 603 2252 initio
626 2190 806 2272 priuignum
829 2190 947 2269 habuit,
968 2203 1040 2273 post
1061 2210 1137 2253 vero
1153 2190 1187 2250 in
1200 2187 1260 2250 filii

110 2293 214 2354 locum
237 2291 378 2356 adscivit.
429 2293 534 2356 Aetati
556 2315 674 2374 suppar
696 2293 757 2356 tuit
776 2294 935 2372 Pletonis3
964 2311 1036 2354 nam
1061 2293 1141 2356 circa
1161 2311 1260 2353 noua-

110 2397 258 2476 gesimam
276 2397 419 2479 quintum
433 2395 653 2480 Olympiadem
669 2396 791 2460 floruit.
834 2397 895 2460 Hic
911 2395 995 2458 enim
1011 2414 1159 2457 numerus
1175 2391 1261 2475 opud

110 2498 240 2561 Suidam
262 2501 387 2563 restitui
408 2500 511 2581 debet,
532 2521 603 2563 cum
623 2502 656 2562 in
678 2502 811 2582 vulgatis
831 2505 897 2582 ejus
920 2501 1150 2583 exemplaribus
1171 2517 1261 2560 sexs-

110 2603 227 2682 gesima
249 2604 361 2686 quinta
381 2604 589 2686 significeturt
612 2599 770 2690 οἷιιιιοὶσας
790 2601 876 2674 uacui
899 2603 964 2691 τήν
986 2599 1028 2680 ςέ
1052 2597 1262 2687 ὀλυμπιάδα,

111 2701 167 2771 ὅτε
190 2705 245 2773 καὶ
270 2705 418 2774 Πλάτων
440 2703 458 2774 ὁ
481 2708 675 2792 φιλόσοφος.
726 2708 807 2772 Cum
834 2711 982 2771 archonte
1004 2707 1194 2789 Lysistrato,
1226 2701 1261 2764 id

111 2819 157 2870 est
179 2805 232 2872 01.
256 2813 328 2888 102,
349 2817 381 2888 4,
403 2811 579 2891 tragoedias
602 2809 714 2873 docere
736 2811 898 2893 coepisset,
920 2833 1022 2895 neque
1044 2823 1116 2871 ante
1138 2808 1259 2888 Sosige·
1312 2829 1319 2848 t

109 2931 182 2973 nem
205 2912 386 2992 desisteret,
419 2915 474 2998 qui
497 2911 548 2978 01.
570 2917 681 2990 109,3
704 2916 821 2977 archon
842 2913 920 2992 tuit,
948 2935 1007 2995 per
1027 2911 1261 2991 duodetriginta

108 3033 208 3077 annos
229 3016 332 3078 sexies
353 3017 386 3078 in
407 3017 587 3099 Dionysiis,
615 3017 662 3078 bis
683 3027 785 3077 autem
807 3018 841 3077 in
863 3014 993 3078 Ιιοιιοοίσ
1014 3015 1169 3076 scenicum
1192 3033 1259 3074 cer·

110 3129 214 3179 tamen
230 3117 319 3180 obiit.
356 3119 651 3182 Pseudo-Plutarch.
673 3119 741 3182 vu.
753 3121 786 3180 X
807 3116 911 3182 Orat.:
933 3113 1121 3203 ἀρξάμενος
1138 3114 1174 3181 δὲ
1189 3107 1258 3180 siud

108 3218 357 3306 Λυσιστράτου·
377 3216 546 3291 διδάσκειν
576 3219 652 3311 ἄχρι
684 3221 890 3307 Σωσιγένους
922 3225 959 3289 ἐν
991 3225 1106 3287 susam
1133 3219 1259 3284 ιῒνοσιν

108 3315 193 3388 desei
221 3321 435 3399 διδασκαλίας
463 3319 603 3398 decessio
630 3323 784 3410 ναθῆνεν
812 3317 848 3402 ἓξ
876 3321 931 3390 soi
962 3321 1013 3396 dtr
1042 3319 1172 3405 ἐνίκησε
1201 3311 1258 3385 deci

107 3425 289 3491 Διονυσίου
310 3427 430 3498 suisio
457 3429 511 3494 uui
539 3423 717 3511 δι’ἑοέρων
740 3428 855 3512 ἑτέροις
878 3421 941 3494 δύο
968 3421 1158 3510 Ληναϊκάς.
1208 3421 1258 3483 Ex

106 3545 172 3608 quo
201 3527 295 3588 simul
323 3532 472 3609 apparet,
506 3547 575 3592 esum
599 3527 762 3592 victoriam
786 3529 833 3592 bis
862 3541 1058 3590 consecutum
1081 3547 1158 3590 esse.
1208 3525 1257 3586 De

106 3647 242 3690 numero
263 3628 456 3706 fabularum,
485 3651 563 3713 quas
585 3632 673 3709 iecit,
703 3633 900 3716 aliquetenus
920 3630 1064 3693 dubitare
1084 3649 1258 3710 possumus,

106 3751 178 3792 eum
202 3731 382 3797 testimonia
403 3745 543 3796 umerum
567 3733 761 3800 dissentiant.
810 3735 892 3798 Nam
915 3731 1259 3808 Pseudo-Plutarchus,

109 3837 170 3900 etsi
193 3850 311 3920 septem
334 3851 366 3900 et
385 3831 513 3918 triginta
536 3839 712 3921 tragoedias
734 3842 763 3902 ei
785 3841 908 3918 tribuit,
928 3853 1031 3904 tamen
1054 3857 1126 3898 eum
1148 3853 1256 3896 nume·

105 3961 176 4011 rum
199 3961 263 4004 non
287 3953 406 4004 certum
427 3957 668 4028 accuretumque
689 3945 797 4007 haberi
819 3945 931 4020 voluit,
956 3964 1023 4003 cum
1047 3939 1126 4002 ditae
1148 3957 1254 3999 eertum
1338 3953 1340 3958 ·

105 4045 145 4104 ab
164 4064 202 4105 eo
221 4043 413 4122 abjudicatas
429 4058 547 4108 essent:
571 4046 707 4131 ἐποίησε
731 4048 768 4115 dt
789 4047 844 4112 uui
868 4043 1052 4132 τραγῳδίας
1073 4041 1149 4122 περὶ
1166 4034 1254 4104 iussi

105 4151 160 4214 nul
185 4141 388 4232 τριάκοντα,
417 4137 463 4214 ὧν
488 4144 723 4236 ἀντιλέγονται
746 4142 819 4234 δύο.
861 4145 923 4210 Sed
952 4147 984 4207 in
1015 4165 1056 4222 eo¹
1079 4146 1137 4203 hoc
1161 4141 1253 4203 etiam

104 4251 198 4332 louge
221 4251 395 4315 mirabilius
420 4265 482 4329 est,
514 4251 598 4334 quod
621 4251 693 4342 sive,
708 4251 837 4332 triginta
858 4261 995 4330 septem,
1027 4247 1091 4308 sive
1115 4243 1254 4328 quinque

104 4365 135 4414 et
156 4354 289 4433 triginta
311 4356 470 4446 scripsisse
498 4367 645 4437 putatur,
677 4369 844 4439 quaternos
866 4353 985 4415 fabulas
1008 4369 1070 4410 non
1093 4359 1195 4429 petest
1221 4349 1253 4410 in

103 4478 195 4520 scena
210 4460 417 4538 conjunxisse,
439 4473 473 4522 ut
488 4462 520 4522 in
535 4479 621 4522 more
633 4461 840 4540 institutoque
852 4467 991 4518 veterum
1004 4461 1166 4534 poetarum
1184 4452 1253 4513 luit.
