3076 4998
796 315 870 388 150

265 497 441 564 emendatio
461 501 629 565 verborum
651 499 824 563 necessarie
843 518 908 562 non
930 509 987 576 est,
1010 496 1134 560 tametsi
1155 497 1305 562 facilitate
1327 521 1410 564 com·

264 604 430 668 mandatur
458 607 621 687 multoque
653 605 815 668 clariorem
845 602 885 666 sd
915 600 1153 681 intelligendum
1181 603 1256 664 facit
1285 613 1412 668 senteh-

264 710 349 772 tiam.
394 707 511 772 Carere
532 708 630 787 igitur
650 708 877 792 Aristophaneo
898 707 1017 784 voluit,
1041 727 1081 769 ne
1103 707 1191 790 quie,
1218 729 1299 791 quae
1321 710 1413 774 dixe·

190 825 193 832 ’
264 822 324 889 rot,
346 809 384 873 ad
400 813 592 891 Agathonem
612 825 643 874 et
655 811 839 875 Pausaniam
860 823 1001 892 spectare
1023 808 1180 889 crederet3
1203 811 1411 894 quiquidem,

266 927 471 1000 cummutuo
502 935 608 978 amore
636 935 700 978 non
727 916 772 977 ita
792 917 923 979 honesto
944 913 1027 976 inter
1047 933 1080 974 ea
1102 916 1324 993 jungerentur,
1352 938 1411 980 nec

264 1016 416 1080 muliebre
433 1015 596 1081 dimidium
613 1018 808 1096 inuenerant,
830 1029 884 1079 aut
906 1015 1114 1099 quaesierant,
1135 1035 1238 1097 neque
1259 1030 1350 1080 erant
1369 1041 1410 1081 ex

264 1140 396 1182 numero
418 1139 542 1199 eorum,
564 1141 582 1182 a
603 1121 717 1203 quibus
738 1139 859 1184 eummo
881 1117 1017 1203 quodam
1037 1139 1072 1180 ac
1094 1119 1230 1181 naturali
1253 1118 1409 1183 desiderio

265 1221 429 1285 dimidium
460 1224 577 1287 frustra
605 1224 728 1308 requiri
755 1223 966 1287 confirmarat.
1008 1222 1065 1286 Hie
1092 1233 1215 1300 autem,
1248 1236 1283 1285 ut
1312 1226 1411 1287 facete

265 1323 347 1386 dicta
367 1322 545 1404 videantur,
566 1338 747 1407 argumenta
768 1328 860 1390 etiam
883 1325 981 1406 magis
999 1324 1132 1387 ridicula
1153 1325 1286 1400 subjicit.
1328 1328 1409 1390 Nam

266 1437 296 1487 et
314 1425 458 1508 affirmat,
478 1430 547 1494 lieri
566 1433 715 1512 potuieee,
737 1446 771 1496 ut
792 1433 840 1494 illi
862 1429 1024 1492 dimidium
1043 1446 1104 1509 pro
1126 1447 1158 1488 ee
1180 1429 1312 1511 quisque
1332 1437 1410 1508 jam·

264 1534 326 1606 iam
344 1545 505 1614 repertum
526 1537 671 1616 habeant,
691 1550 755 1599 tam
777 1535 958 1600 dubitanter
978 1534 1121 1614 loquens,
1143 1529 1233 1612 quasi
1255 1532 1293 1593 de
1314 1535 1409 1595 rebus

264 1632 367 1698 dubiis
388 1650 483 1720 etqua
505 1640 633 1704 incertis
655 1639 738 1703 dicat
759 1653 791 1703 et
812 1641 897 1722 ipsos
920 1636 1017 1712 viros,
1039 1633 1071 1696 id
1094 1645 1150 1711 est,
1172 1653 1211 1696 ex
1232 1645 1299 1698 toto
1322 1637 1410 1699 uirili

264 1755 396 1819 corpore
421 1753 508 1803 ortos
530 1763 595 1806 eese
618 1742 776 1823 concedit3
798 1762 896 1825 quare
920 1759 972 1802 eos
997 1757 1058 1800 non
1081 1737 1265 1798 muliebrem
1285 1749 1410 1818 partem

264 1838 450 1921 deeiderare,
466 1847 635 1911 oblectatae
649 1847 767 1909 incesto
777 1863 948 1928 puerorum
963 1859 1080 1916 amore,
1095 1839 1239 1922 Sympos.
1250 1862 1283 1922 p.
1293 1846 1356 1906 192
1366 1844 1409 1922 A3

264 1943 314 2004 cui
335 1945 389 2027 qui
412 1945 610 2028 indulgeant,
640 1968 693 2011 eos
716 1950 810 2028 vulgo
831 1944 1005 2028 impudicos
1026 1944 1146 2007 haberi.
1189 1943 1283 2007 Unde
1307 1946 1410 2027 turpi·

264 2043 341 2108 tudo
364 2051 596 2114 consuetudinis
620 2053 823 2133 intelligitur,
853 2072 946 2135 quam
968 2050 1135 2112 Pausaniae
1157 2045 1226 2112 cuch
1246 2050 1409 2128 Agathone

262 2148 382 2213 babuit.
426 2153 489 2218 Sed
512 2159 594 2218 hunc
615 2156 747 2219 sedecim
772 2177 870 2220 annoe
892 2168 998 2218 natum
1021 2155 1054 2216 in
1078 2151 1196 2216 deliciis
1223 2153 1278 2214 ille
1305 2152 1410 2233 coepit

262 2253 387 2318 habere.
431 2259 552 2322 Platon.
574 2261 738 2341 Protagor.
759 2263 781 2323 l.
801 2262 824 2323 1.
868 2262 912 2323 Ae
940 2272 1029 2321 tanta
1057 2258 1106 2321 uis
1133 2257 1225 2332 hujus
1254 2254 1407 2318 amicitiae

262 2355 338 2435 fuit,
369 2371 405 2423 ut
427 2373 546 2424 amator
568 2364 761 2442 Agathonam
787 2375 986 2447 sequeretur,
1016 2361 1050 2422 in
1074 2357 1289 2425 Macedoniam
1310 2361 1409 2443 proli·

262 2457 442 2542 ciscentem,
471 2466 536 2530 sive
558 2466 708 2529 invitatus
731 2479 776 2528 est
799 2466 837 2528 ab
858 2466 1030 2542 Archelao,
1059 2465 1116 2547 qui
1138 2466 1311 2546 amoribus,
1342 2485 1405 2528 non

260 2561 374 2642 minui,
395 2587 489 2648 quam
513 2568 625 2631 artium
647 2565 758 2632 studiie
783 2568 954 2631 delectatus
975 2568 1085 2646 fertur,
1107 2568 1230 2632 Aelian.
1250 2571 1327 2632 Ver.
1349 2569 1406 2633 Hi·

261 2675 338 2727 ator.
360 2668 397 2746 ll,
419 2673 476 2730 tt:
507 2665 551 2754 ἦν
573 2671 607 2737 δὲ
629 2668 693 2755 ἄρα
716 2668 735 2737 ὅ
755 2667 935 2759 Ἀρχέλαος
961 2663 1113 2755 ἐρωτικὸς
1141 2663 1203 2761 οὐχ
1230 2662 1353 2755 ἧττον,
1383 2667 1406 2756 ἢ

260 2769 315 2836 καὶ
338 2765 562 2854 φιλόμουσος,
591 2772 657 2834 eive
685 2773 817 2835 amicum
844 2776 1024 2858 relinquere
1052 2774 1171 2852 noluit,
1203 2793 1335 2858 quocum
1358 2787 1408 2837 tot

260 2891 359 2934 annos
387 2875 519 2940 Athenis
549 2889 679 2940 aetatem
708 2888 823 2958 egerat.
874 2878 921 2939 lbi
943 2896 1020 2941 uero
1041 2877 1202 2939 hominum
1226 2877 1339 2956 iuetar,
1373 2878 1407 2940 in

260 2975 374 3058 quibua
397 2999 466 3041 cum
488 2981 607 3044 virtute
630 2994 662 3044 et
683 2983 778 3046 animi
800 2994 832 3044 et
854 2980 994 3063 corporis
1018 2982 1116 3043 robur
1137 2982 1293 3062 elanguit,
1322 2983 1407 3046 inter

259 3098 292 3140 se
314 3084 409 3144 semel
430 3093 525 3167 etque
548 3084 662 3147 iterum
685 3089 864 3165 jurgarunt,
896 3103 960 3167 quo
987 3083 1110 3164 eaepiue
1137 3086 1328 3148 effeminatas
1350 3107 1407 3148 vo·

258 3182 394 3264 luptates
415 3189 577 3270 percipere
599 3200 743 3268 possent,
769 3190 877 3270 quales
899 3209 939 3250 ex
960 3187 1078 3266 gratiae
1098 3190 1405 3252 reconciliationibus

259 3285 413 3352 oriuntur.
457 3292 579 3354 Aelien.
608 3291 686 3353 Ver.
712 3291 794 3352 Hiet.
822 3291 844 3352 1.
865 3293 889 3354 l.
930 3293 1075 3354 Mutet.
1098 3291 1202 3354 Schol.
1223 3291 1257 3353 iu
1278 3293 1406 3354 Terent.

258 3386 357 3450 Andr.
382 3390 415 3450 in
437 3388 499 3472 Op.
522 3392 615 3459 Omn.
637 3396 674 3456 T.
694 3394 731 3455 ll.
757 3415 789 3474 p.
812 3395 886 3457 667.
930 3392 1086 3471 Quantam
1115 3395 1213 3474 igitur
1239 3396 1404 3458 mollitiem

259 3489 293 3549 in
315 3491 363 3552 his
384 3493 563 3558 hominibue
585 3496 680 3559 luisee
701 3494 871 3577 putemus?
920 3497 1085 3560 Simillims
1106 3510 1181 3560 nota
1201 3498 1405 3578 turpitudinis

258 3591 462 3655 familiaritati
477 3597 581 3660 inusta
597 3613 654 3678 est,
675 3622 770 3684 quam
785 3598 953 3681 Euripides
972 3620 1041 3662 cum
1058 3601 1220 3680 Agathone
1238 3603 1406 3663 contraxit.

256 3693 338 3758 Nam
354 3698 413 3758 hoc
429 3719 497 3762 cum
516 3724 555 3772 ex
576 3721 614 3766 eo
635 3703 708 3766 sotis
725 3715 866 3785 apparet,
889 3702 973 3785 quod
990 3705 1138 3766 Aelianus
1152 3723 1275 3766 amores
1289 3705 1406 3766 utrius·

256 3819 318 3879 que
340 3801 499 3882 conjungit
520 3817 552 3866 et
574 3817 741 3887 comparat,
763 3816 798 3867 ut
821 3805 958 3888 ejusdem
980 3807 1102 3884 generis
1126 3806 1254 3883 iruerint,
1278 3817 1345 3868 tum
1369 3828 1405 3868 ea

256 3899 295 3962 de
316 3923 422 3965 caueae
452 3907 542 3969 nobis
570 3907 794 3990 persuadetur,
824 3909 911 3991 quod
932 3909 1116 3991 Euripidem
1139 3910 1172 3971 in
1193 3906 1318 3970 laudem
1339 3931 1406 3972 me-

254 4005 449 4092 moriamque
470 4011 643 4090 Agathonis
665 4011 878 4094 Chrysippum
900 4013 1006 4074 ferunt
1033 4013 1209 4095 scripeieee3
1243 4033 1306 4094 qua
1333 4011 1405 4094 qui-

253 4105 323 4169 dem
348 4112 451 4174 sabula
473 4128 600 4194 praeter
623 4114 842 4178 verecundiam
870 4115 1117 4201 interioremque
1149 4120 1213 4192 ciue
1242 4115 1318 4176 artie
1348 4135 1404 4175 na·

252 4218 356 4272 turam
372 4216 523 4278 incestum
540 4217 631 4298 pueri
651 4216 839 4280 desiderium
857 4218 1021 4299 expressit.
1065 4219 1213 4282 Aelianus
1231 4217 1324 4294 enim,
1347 4216 1404 4277 ubi

252 4310 430 4390 cupidinem
453 4319 594 4380 rixarum
618 4321 817 4399 memoravit,
844 4322 876 4384 in
899 4323 1013 4406 qttibue
1035 4326 1203 4386 Pausaniae
1227 4343 1298 4385 cum
1320 4322 1404 4402 Aga·

251 4410 347 4473 thone
370 4431 509 4481 versatus
533 4432 595 4498 eet,
616 4433 726 4484 tenore
748 4425 978 4493 eontentiarum
994 4427 1076 4489 nihil
1098 4425 1292 4504 intermisso,
1314 4426 1336 4491 l.
1360 4427 1404 4488 l.:
