3072 5012
168 308 172 316 ’
299 318 371 394 122

295 501 492 582 testimonio,
524 501 578 592 qui
605 499 778 591 Polyidum
806 501 946 570 Coerani
972 499 1071 570 lilium
1101 502 1208 593 ipsum
1236 504 1360 570 venisse
1378 501 1431 568 lle-

294 629 372 699 gara
394 606 505 687 tradit,
537 617 573 674 ut
595 607 787 676 Alcathoum
817 608 857 676 de
879 607 980 676 caede
1007 607 1185 698 Callipodis
1212 607 1265 676 lilii
1285 607 1433 686 lustraret,

294 723 328 782 et
344 713 452 782 Liben'
468 712 511 780 ibi
533 713 689 804 templum
711 713 950 798 exaedificasse,
972 737 1048 782 cum
1062 714 1244 798 simulacro,
1267 713 1351 807 quod
1363 713 1433 780 Pau·

293 821 403 888 saniae
426 827 531 889 aetate
553 829 656 888 totum
684 821 751 889 lere
782 831 910 911 praeter
936 843 973 890 os
1007 820 1232 888 occultaretur.
1286 821 1434 888 Adstitisse

293 927 390 995 etiam
411 927 566 1016 Satyrum
592 937 714 1011 narrat,
745 926 881 995 ePan'o
903 925 1043 1019 Lepide,
1073 915 1244 996 Praxitelis
1268 950 1357 1018 opus.
1395 925 1436 992 ltx

290 1033 385 1126 hujus
407 1034 503 1123 igitur
524 1032 651 1124 Polyidi
676 1035 829 1124 posteris,
856 1042 1003 1100 nostrum
1029 1055 1160 1124 quoque
1186 1032 1436 1122 dithyrambicun

290 1149 486 1233 prognatum
505 1163 577 1208 esse
591 1141 693 1208 videri
711 1140 780 1223 sibi,
801 1138 976 1208 Luetckius
998 1162 1029 1230 p.
1041 1141 1084 1206 89
1105 1141 1238 1208 monuit
1267 1139 1436 1208 Relahimur

291 1241 421 1338 quidem
447 1246 511 1314 hoc
539 1248 610 1338 ipso
639 1245 680 1313 ad
707 1245 946 1337 Melampodem
972 1285 1015 1296 —
1042 1269 1119 1313 nam
1147 1258 1361 1338 pronepotem
1380 1245 1435 1312 lle-

289 1351 448 1442 lampodis
466 1363 563 1420 vocat
576 1353 754 1421 Pausanias
773 1352 946 1442 Polyidum
965 1353 1065 1420 istum
1079 1392 1121 1404 —
1137 1356 1228 1446 cujus
1244 1355 1278 1420 in
1293 1351 1435 1422 Bacchico

290 1455 380 1526 cultu
404 1459 548 1527 instituta
576 1457 758 1527 cavendum
785 1465 850 1539 est,
882 1477 925 1525 ne
954 1481 1029 1526 cum
1055 1455 1094 1526 iis
1128 1460 1378 1541 confundantur,
1405 1456 1437 1522 de
1489 1545 1490 1556 ἵ

290 1563 404 1657 quibus
426 1563 610 1634 Boeckhius
632 1564 759 1632 Comm.
782 1564 882 1631 Acad.
905 1565 1038 1634 Boruss.
1061 1568 1144 1652 ΙΘΗ
1158 1590 1189 1657 p.
1208 1568 1271 1632 117
1292 1589 1361 1659 sqq.
1380 1585 1437 1630 rem

289 1670 441 1755 absolvit,
469 1694 583 1740 verum
608 1681 719 1740 tamen
740 1671 896 1739 Arionem
918 1693 1047 1762 quoque
1067 1672 1175 1762 ipsum
1196 1695 1302 1763 genus
1326 1673 1365 1739 ad
1381 1670 1436 1737 lle·
1489 1687 1490 1690 ’

286 1776 472 1868 lampadem
493 1777 662 1847 reduxisse
683 1779 806 1860 lerunt,
833 1778 878 1844 ita
899 1787 936 1845 ut
957 1787 1069 1845 contra
1090 1777 1239 1847 Luctckii
1259 1779 1437 1846 sententiam

287 1905 330 1954 ne
351 1883 412 1954 hac
435 1885 564 1976 quidem
586 1894 741 1975 exparte
764 1883 830 1952 ulla
852 1883 971 1952 exon'n'
993 1883 1146 1952 dubitatio
1178 1895 1286 1976 queat
1328 1886 1436 1954 Verum

287 1991 373 2058 enim
402 2015 481 2060 vero
510 1991 628 2060 addam
657 2015 700 2058 ex
727 1988 843 2058 eodem
869 1989 1031 2058 Pausania
1058 2000 1227 2081 praeterea
1253 1991 1355 2073 eliud,
1384 2009 1435 2080 quo

286 2094 433 2166 Luctelrii
458 2098 617 2166 sententia
646 2095 887 2188 quodammodo
918 2095 1050 2168 stabiliri
1083 2100 1193 2188 possit
1242 2098 1436 2190 Megarenses

286 2203 373 2274 enim
406 2204 519 2274 tradit·
533 2205 711 2272 Pausanias
740 2202 764 2286 l,
790 2203 842 2285 43,
873 2205 888 2268 l
928 2201 1112 2293 Iphigeniae
1150 2206 1247 2274 etiam
1286 2204 1436 2272 heroicum

286 2321 532 2380 monumentum
552 2319 741 2391 monstrant,
764 2319 861 2402 atque
877 2309 1018 2400 Megaris
1036 2333 1109 2378 earn
1127 2320 1291 2378 mortitam
1311 2317 1434 2378 nunant

285 2415 334 2482 Ac
351 2419 421 2507 jam
444 2415 631 2484 Aristoteles
657 2416 749 2484 nobis
777 2415 919 2484 subsidio
955 2418 1015 2484 crit
1039 2418 1073 2486 iu
1094 2419 1171 2486 Arte
1192 2418 1287 2486 Poet
1311 2442 1339 2488 c.
1360 2411 1434 2494 XVI,

285 2521 371 2590 unde
389 2523 562 2610 Polyidum
582 2531 737 2588 tractasse
757 2520 941 2611 Iphigeniae
964 2521 1104 2590 fabulam
1126 2533 1277 2614 apparet:

348 2623 487 2714 τετάρτη
511 2628 547 2692 δὲ
566 2621 809 2716 (ἀνογνώρισις)
833 2623 852 2706 ἡ
874 2627 909 2692 ἐκ
931 2629 1180 2718 συλλογισμῶν.Ι
1207 2621 1282 2696 olor
1303 2632 1340 2696 ἐν
1356 2631 1434 2712 Xon·

347 2731 476 2823 φόροις,
508 2726 563 2801 ὅτι
588 2724 703 2819 ὅμοιός
733 2757 783 2814 τις
811 2729 993 2816 ἐλήλυθεν,
1021 2728 1137 2821 ὅμοιος
1169 2733 1205 2801 δὲ
1230 2732 1342 2816 οὐδεὶς
1369 2727 1432 2800 ἀλλ’

345 2837 512 2930 Ὀρέστης·
535 2829 634 2919 οὗτος
654 2839 720 2929 ἄρα
738 2837 904 2922 ἐλήλυθε·
932 2843 989 2909 καὶ
1011 2838 1032 2921 ἡ
1056 2840 1244 2909 Πολυείδου
1266 2843 1329 2910 τοῦ
1349 2862 1433 2928 σοφι-

348 2950 432 3016 στοῦ
451 2951 525 3038 περὶ
546 2949 606 3030 τῆς
624 2944 824 3037 Ἰφιγενείας.
846 2941 932 3026 εἰκὸς
953 2946 1018 3034 γὰρ
1038 2947 1098 3014 τὸν
1117 2947 1274 3036 Ὀρέστην
1295 2945 1433 3037 συλλογί-

347 3058 497 3134 σασθαι,
509 3049 562 3124 ὅτι
577 3055 597 3138 ἡ
613 3055 740 3146 ἀδελφὴ
757 3051 877 3138 ἐτίθη,
892 3058 950 3122 καὶ
962 3053 1053 3146 αὐτῷ
1066 3056 1246 3144 συμβαίνει
1260 3057 1418 3126 θύεσθαι.

282 3188 310 3232 c.
324 3163 439 3234 XVlll.
468 3163 582 3239 ἐλθών
604 3164 639 3230 δὲ
661 3167 718 3232 καὶ
735 3164 883 3247 ληφθεὶς
900 3159 1060 3231 θύεσθαι
1073 3164 1204 3250 μέλλων
1218 3159 1432 3257 ἁνεγοώρισιν,

344 3265 419 3336 εἴθ’
447 3267 492 3348 ὦς
514 3267 713 3359 Εὐριπίδης,
740 3267 813 3334 εἴθ’
846 3267 891 3350 ὠς
919 3267 1104 3348 Πολύειὸος
1131 3269 1266 3352 incipet
1292 3264 1431 3338 κατὰτὸ

307 3401 317 3426 ,·
344 3375 431 3456 εἰκὸς
456 3371 573 3458 εἰπών,
604 3369 659 3444 ὅτι
683 3374 742 3444 οὐκ
773 3375 842 3464 ἄρα
867 3371 973 3461 μόνον
1002 3377 1064 3456 τὴν
1090 3375 1240 3464 ἀδελφὴν
1266 3376 1353 3451 ἀλλὰ
1383 3375 1430 3442 καὶ

345 3480 450 3548 αὑτὸν
472 3479 538 3548 ἔδει
559 3483 721 3564 τυθῆναι,
742 3486 801 3550 καὶ
822 3485 982 3558 ἐντεῦθεν
1003 3477 1026 3564 ἡ
1045 3481 1207 3572 σωτηρία.
1238 3521 1239 3530 1

279 3593 356 3676 Quo
377 3588 451 3657 loco
473 3591 570 3659 artimi
600 3612 717 3660 caussa
740 3590 859 3658 addere
880 3590 978 3660 liceat
1000 3589 1228 3660 Graelenhanii
1249 3593 1363 3658 mirem
1382 3607 1430 3653 vo·
1489 3619 1490 3672 y

279 3697 326 3766 cis
355 3694 522 3784 σοφιστοῦ
547 3697 843 3786 interpretationem
875 3707 996 3788 „poeta
1026 3699 1167 3789 tragicus
1197 3696 1429 3788 cognominatus
1489 3699 1490 3750 ἓ

279 3803 440 3896 sophista,
471 3804 620 3885 fortasse,
652 3805 726 3894 quia
749 3827 801 3886 ea,
825 3827 915 3894 quae
941 3803 1133 3900 meliorum
1159 3806 1318 3896 poematis
1339 3804 1428 3889 impe·

280 3912 394 3980 ditiora
416 3920 506 3981 erant
526 3912 560 3978 in
582 3910 648 3978 suis
669 3909 881 4000 explicarem*
979 3909 982 3926 '

217 4095 219 4106 Ι
364 4018 499 4086 Praeter
518 4017 604 4089 hauc
626 4016 667 4084 de
692 4015 858 4108 Iphigenia
878 4017 1082 4092 traditionem
1103 4015 1240 4084 Atlantis
1269 4017 1364 4084 etiam
1389 4011 1428 4076 lr-

278 4123 388 4192 bulam
409 4123 602 4195 carminibus
625 4123 826 4192 adumbravit
846 4123 1011 4213 Polyidus.
1055 4122 1193 4203 Taetees
1217 4124 1259 4193 ad
1279 4115 1426 4212 Lycophr-

176 4306 184 4319 x
277 4255 326 4298 vs.
349 4231 422 4298 879.
455 4223 672 4308 Ilotdt'doeo‘
705 4227 1002 4318 διθυραμβοποιὸς
1024 4228 1084 4296 τὸν
1103 4226 1268 4306 ’Ἀτλᾳντοι
1299 4222 1427 4312 ποιμένα

277 4331 579 4423 Λίβυιφηοὶνοὺ
599 4335 860 4424 μαθημᾳτικόν,
880 4359 950 4432 quo
967 4339 1001 4408 in
1022 4338 1095 4410 loco
1118 4340 1188 4409 sine
1208 4357 1323 4410 caussa
1336 4326 1427 4402 haesit
