3048 4998
260 299 338 388 ,258
483 296 493 314 “

260 488 416 559 Truditur
453 487 539 553 eninr
579 483 746 552 artificium
785 483 934 570 artificio,
973 487 1128 579 perfectio
1166 488 1433 582 perfectionibus.

260 600 371 685 Quare
392 615 499 684 neque
520 587 670 658 Bullioldi
691 592 877 684 interpretio
904 592 1013 662 locum
1036 595 1190 664 tuebitur:
1220 596 1354 664 Addidit
1376 597 1435 666 Ti·

259 702 409 772 motheus
430 700 463 767 iu
485 695 690 770 tetrachordo
719 697 863 788 hypaton
883 697 1087 792 parhypaton
1107 699 1251 793 hypaten
1272 712 1307 770 et
1327 702 1434 772 licha-

259 833 325 878 non
347 807 490 898 hypaton
512 802 724 872 chromaticas
746 806 778 871 in
807 805 1010 874 tetrachordo
1038 827 1152 876 meson
1178 830 1379 898 paramesen
1403 819 1435 876 et

259 915 408 984 lichanon
438 933 553 980 meson
584 909 694 977 itidem
722 908 944 980 chromaticas.
989 912 1081 982 Haec
1103 915 1189 982 enim
1209 935 1275 982 non
1298 915 1366 981 nisi
1388 913 1435 982 Xl

259 1021 373 1090 fidibus
408 1029 500 1110 apta:
538 1015 717 1083 Censorino
752 1039 832 1084 vero
865 1017 907 1086 de
937 1017 1110 1110 plusquam
1141 1018 1193 1088 Xl
1224 1043 1333 1088 sermo
1374 1033 1433 1090 est

258 1129 393 1198 Praeter
412 1123 567 1193 chordam
587 1121 811 1204 undecimum,
837 1123 1025 1192 num-aliur
1047 1126 1216 1216 quiddam,
1243 1131 1434 1210 novaverit,

258 1233 423 1303 nonsatis
446 1231 529 1300 seio:
558 1249 634 1296 nam
661 1237 749 1296 certe
772 1224 961 1313 chromatis,
994 1234 1140 1322 quarm
1163 1232 1280 1300 eodem
1302 1235 1348 1302 sit
1368 1235 1434 1302 fre-

259 1339 467 1432 quentissime
489 1358 577 1416 usus,
598 1332 738 1400 absurde
758 1335 908 1402 inventor
929 1335 1052 1404 dicitur.
1096 1339 1251 1420 „Certum
1267 1350 1319 1408 cst
1342 1343 1434 1410 enim

257 1445 469 1536 Lysandrum
488 1440 678 1530 Sicyonium
710 1437 843 1508 chroma
868 1443 938 1534 jem
967 1465 1159 1534 usurpasse,
1192 1447 1247 1538 qui
1274 1445 1432 1540 Epigono

258 1551 411 1642 Sicyonio
429 1548 589 1616 recentior
608 1553 719 1614 tamen
740 1546 983 1638 antiquissimae
1003 1551 1116 1618 uentis
1138 1553 1280 1620 musicus
1304 1562 1371 1637 est,
1394 1575 1432 1622 ac

258 1660 381 1750 primus
409 1679 451 1724 ex
479 1653 650 1723 citharistis
679 1652 774 1743 'plura
800 1652 1013 1724 instrumenta
1040 1657 1160 1728 eidem·
1176 1659 1302 1728 cantico
1333 1658 1432 1730 adhi-

258 1765 366 1832 buisse
380 1763 496 1830 dicitur
509 1768 639 1849 sumpto
654 1762 752 1829 modo
767 1759 831 1830 hoc
845 1761 943 1830 modo
958 1761 1030 1830 alio.
1060 1763 1134 1832 Ath.
1146 1763 1234 1847 xlv,
1246 1787 1278 1856 p.
1289 1765 1362 1834 663
1373 1769 1430 1834 Μ’

256 1869 400 1938 ΒοοιΙιΙι.
413 1867 507 1937 dlllP.
522 1867 639 1958 peso.
683 1868 730 1935 Ac
752 1867 964 1936 Praxidamas
993 1871 1123 1961 quidem
1149 1870 1271 1939 Suidae
1292 1896 1324 1940 v.
1346 1870 1431 1960 χιᾶ-

256 1977 323 2060 ζιιν
350 1984 553 2056 auctorest,
582 1971 806 2042 Democritum
829 1973 948 2042 Chium
979 1977 1050 2061 (sub
1074 1977 1193 2045 Baetae
1219 1980 1357 2046 nomine
1388 1983 1429 2049 ab

256 2083 413 2176 Eupolide
434 2082 584 2164 irrisum).
596 2088 693 2170 atque
714 2080 959 2151 Theoxenidem
978 2081 1149 2174 Siphnium
1170 2086 1291 2175 primos
1314 2087 1429 2168 luisse,

256 2193 311 2282 qui
333 2188 528 2258 chromatico
550 2207 670 2277 genere
691 2196 867 2255 uterentur.
900 2189 956 2257 clr.
979 2187 1115 2258 llleirreh.
1137 2189 1279 2281 Euphor.
1299 2216 1330 2284 p.
1353 2195 1426 2261 175.

255 2295 372 2388 Bergk.
400 2290 623 2383 Aristophanis
645 2293 681 2358 lr.
705 2293 768 2361 Cll.
804 2292 922 2362 Pollux
950 2295 1047 2362 etiam
1072 2294 1128 2379 IV,
1149 2298 1201 2364 65.
1234 2297 1273 2362 τὸ
1305 2301 1427 2386 μέντοι
1500 2333 1501 2389 y

254 2399 448 2492 Σιφνιάζειν
474 2401 532 2466 καὶ
563 2394 716 2478 Χιοὲζιιν,
747 2401 787 2466 τὸ
819 2402 999 2488 περιέργοις
1026 2403 1141 2486 μέλιτι
1164 2405 1323 2491 χρῆσθαι
1354 2404 1425 2478 dac

253 2507 462 2594 Δημοκρίτου
490 2505 551 2570 τοῦ
582 2504 671 2572 Χίου
700 2507 757 2570 sul
788 2505 984 2587 Θεοξινέδου
1014 2510 1074 2574 τοῦΙ
1100 2509 1262 2598 Σιφνίου,
1293 2508 1328 2592 ὃς
1360 2520 1422 2580 καὶ

250 2611 480 2702 Ὑπτρτονίδης
502 2611 663 2694 tralatam
685 2611 771 2679 unde
789 2615 859 2704 jam
879 2613 1037 2682 Emendd.
1059 2616 1131 2684 lort.
1147 2640 1178 2708 p.
1198 2621 1237 2684 17
1250 2643 1298 2712 sq.
1330 2621 1424 2690 Cen-

251 2723 359 2789 sorino
383 2743 411 2788 c.
433 2717 481 2799 lX
508 2741 567 2808 pro
589 2717 765 2810 Hyperiele
796 2718 849 2786 vel
876 2719 1041 2812 Hyperide
1069 2723 1193 2792 reddidi
1221 2725 1423 2816 Hypertoni·

251 2828 336 2896 dem.
374 2827 489 2913 'Quam
514 2828 734 2918 conjecturam
762 2827 946 2896 etiamnunc
974 2838 1082 2913 tueor,
1111 2829 1187 2900 licet
1214 2833 1424 2924 improbante

250 2933 500 3004 Schneidewino
521 2932 646 3001 Nuncc.
669 2931 812 3023 Gotting.
834 2957 865 3024 p.
891 2935 974 3002 rest
995 2936 1105 3021 (1844)
1132 2939 1183 3006 cui
1205 2941 1350 3010 eundem
1363 2944 1423 3011 ·lo-
1499 2937 1500 2999 l

250 3063 328 3110 cum
355 3061 423 3108 nou
450 3038 648 3107 mediocrem
681 3039 843 3108 medelam
864 3041 984 3108 debere
1005 3065 1104 3135 supra
1129 3045 1268 3116 indicavi
1288 3071 1321 3140 p.
1347 3053 1421 3118 124.

248 3147 500 3232 „Perfectissimi
526 3153 635 3214 tamen
667 3145 759 3236 lyrici
786 3145 952 3216 chromate
972 3171 1102 3240 semper
1122 3162 1155 3220 et
1177 3152 1296 3244 ubique
1319 3157 1421 3226 absti-
1499 3209 1500 3214 η

248 3263 397 3324 nucruut
438 3251 474 3322 ln
496 3251 695 3344 tragoediam
716 3253 838 3344 primus
854 3254 981 3324 induxit
994 3255 1149 3346 Agatlro.”
1170 3258 1306 3328 Boeckh
1322 3262 1419 3333 dblP.
1499 3307 1500 3364 y

333 3465 402 3536 Sed
423 3467 589 3534 audiarnus
611 3489 698 3536 nunc
721 3468 862 3536 comicos
885 3469 981 3536 etiam
1013 3470 1054 3538 de
1075 3469 1249 3542 multisono
1273 3499 1418 3570 organo·

247 3593 320 3639 rum
340 3574 476 3663 strepitu
496 3585 741 3664 conquerentes.
778 3574 937 3643 Nimirum
959 3579 1100 3646 maxima
1121 3601 1161 3646 eo
1183 3589 1332 3672 tempore
1353 3586 1416 3655 ho-

245 3679 349 3748 mines
367 3679 531 3747 invaserat
551 3681 694 3747 musicae
721 3679 894 3770 cupiditas,
927 3692 964 3749 ut
987 3683 1055 3752 fere
1084 3685 1283 3756 inveniretur
1303 3715 1414 3775 nemo,

245 3787 321 3876 quin
342 3795 399 3856 aut
419 3785 501 3854 tibiis
524 3795 580 3854 aut
600 3784 714 3854 fidibus
735 3786 873 3854 canendi
894 3796 997 3858 artem
1016 3789 1156 3874 calleret,
1179 3804 1235 3862 aut
1250 3796 1315 3866 alio
1330 3825 1413 3892 quo·

243 3893 292 3958 vis
315 3913 436 3982 organo
459 3892 657 3960 dexteritatis
683 3915 762 3960 suae
791 3895 956 3984 specimen
983 3898 1142 3987 proderet.
1187 3902 1297 3986 Quam
1320 3910 1413 3998 equi·

243 3997 318 4066 dem
343 4000 580 4067 musomaniam
612 4022 679 4067 non
708 3997 835 4068 inficete
861 4001 966 4069 n'dent
994 4003 1223 4096 Aristophanes
1252 4011 1413 4082 Athenaei

241 4102 296 4185 lV,
317 4126 348 4193 p.
375 4104 435 4171 184
458 4104 510 4171 E.:

348 4200 441 4287 ὅστις
460 4207 576 4290 αὐλοῖς
597 4215 654 4278 καὶ
677 4208 809 4303 λύραισι
832 4218 1094 4308 κατατέτριμμαι
1121 4217 1300 4309 χρώμενος.
1497 4307 1498 4312 ¹

241 4323 273 4378 et
295 4313 495 4402 Phrynichus
518 4319 590 4386 ibid.
