3076 4998
671 343 741 416 151

123 520 190 610 ἦρα
214 519 404 606 δὲ,·φασὶὲ,
423 524 488 594 cod
509 520 619 595 αὐτοῦ
639 521 841 614 Ἀγάθωνος
862 523 984 596 τούτου
1005 529 1060 597 ml
1080 525 1276 620 Εὐριπίδης

126 627 144 694 ὁ
171 619 321 710 ποιησῆς
346 625 409 692 eat.
424 623 487 697 ὀὂν
510 621 723 714 Χρύσιππον
748 625 786 697 τὸ
809 631 924 715 δρᾶμα
948 628 1038 719 αὐτῷ
1059 633 1277 721 χαριζόμενος

126 731 260 813 λέγεται
284 725 530 812 διαφροντίσαι.
581 729 734 806 Quocirca
764 730 939 794 emendatio
968 732 1161 814 Crameri,
1193 735 1277 818 apud

127 832 335 897 Scholiastam
357 829 397 892 ad
419 831 549 894 Lucian.
570 834 593 894 l.
611 835 633 896 l.
656 827 795 900 mordenti
816 833 960 920 γεγονώς
980 835 1194 918 Παυσανίου,
1214 838 1277 906 cosi

127 933 306 1016 τραγικοῦ,
327 926 409 1016 μεθ’
423 921 465 998 οὗ
491 959 563 999 νιν.
578 935 607 999 λ.
630 947 702 1015 post
722 955 835 996 nomen
857 935 1027 998 Pausaniae
1050 939 1104 1004 uel
1125 934 1276 1023 Εὐριπί-

127 1031 190 1100 dou
210 1030 413 1112 inculcaritis,
445 1045 480 1097 ut
506 1037 678 1100 necessaria
709 1059 774 1101 esse
802 1039 946 1118 omnino,
979 1039 1022 1101 sic
1050 1039 1090 1102 ad
1113 1041 1277 1104 veritatem

128 1137 276 1216 proxime
291 1137 437 1201 accedere
454 1137 590 1202 videtur.
633 1141 724 1220 Nam,
743 1163 823 1226 quae
839 1144 1077 1206 Welckerus
1099 1147 1120 1206 l.
1134 1145 1156 1206 l.
1170 1166 1203 1225 p.
1212 1147 1276 1207 985

132 1251 242 1302 contra
261 1240 411 1322 disputat,
431 1261 488 1306 nos
511 1266 623 1325 parum
644 1258 781 1323 movent,
803 1258 839 1307 ut
861 1247 1045 1308 sententiam
1067 1246 1152 1310 illius
1169 1249 1280 1328 explog

131 1341 250 1405 damus.
294 1342 356 1406 Sed
380 1345 457 1426 quid
479 1358 527 1410 est
548 1348 586 1410 ds
608 1349 805 1433 Chrysippo,
834 1369 943 1431 quem,
972 1350 1104 1438 Aeliano
1123 1363 1220 1430 teste,
1242 1349 1276 1412 in

130 1446 265 1526 gratiam
286 1449 460 1527 Agathonis
482 1449 628 1533 scripsit?
673 1454 707 1515 ln
727 1472 791 1538 quo
812 1453 978 1535 Euripides
997 1454 1117 1532 Laium,
1138 1453 1188 1516 cui
1210 1453 1279 1515 nol·
1394 1495 1399 1502 -

129 1549 175 1611 let
197 1548 404 1636 Chrysippus·
419 1571 538 1615 morem
561 1576 679 1634 gerere,
700 1571 810 1638 turpes
832 1557 979 1620 desiderii
999 1559 1153 1638 igniculos
1177 1555 1279 1618 deela-

130 1675 203 1716 rare
224 1655 310 1716 fecit.
353 1654 751 1738 ctc.Tuscutan.1V,3s:
772 1663 865 1745 „Quis
886 1676 938 1724 eut
958 1665 995 1724 de
1016 1664 1176 1746 Ganymedi
1193 1673 1279 1744 repta

129 1761 261 1837 debriet,
288 1763 357 1843 quid
378 1766 478 1843 podiae
498 1765 593 1842 uelint,
620 1777 672 1826 eut
692 1787 746 1832 uon
765 1767 901 1843 intelligit,
928 1767 997 1848 quid
1016 1767 1096 1847 opud
1116 1765 1278 1846 Euripidem

129 1867 267 1947 loquatur
286 1877 312 1926 et
333 1871 430 1947 eups'ere
449 1866 577 1950 Lojos?”
621 1865 712 1929 Unde
733 1867 885 1948 sequitur,
906 1871 1043 1928 amorem
1064 1863 1224 1945 Euripidis
1244 1863 1278 1925 in

130 1969 347 2048 Agathonem,
375 1970 402 2031 si
429 1969 524 2032 modo
555 1973 611 2032 hac
638 1971 744 2034 fabula
767 1969 1002 2034 similitudinem
1029 1973 1094 2046 ejus
1117 1966 1280 2048 expressit,

130 2090 319 2148 venereum,
341 2090 398 2132 nec
418 2071 510 2134 valde
533 2075 698 2137 honestum
719 2074 826 2137 fuisse.
868 2072 967 2156 Atqui
988 2069 1072 2134 haud
1095 2071 1176 2149 scio,
1202 2067 1279 2152 quid

131 2171 190 2249 sit,
213 2172 298 2254 quod
320 2175 568 2238 Welckerus
590 2178 684 2257 Trag.
706 2177 814 2240 Graec.
834 2177 926 2239 P.11.
947 2197 980 2256 p.
1000 2177 1073 2238 536.
1094 2176 1148 2238 111.
1167 2195 1199 2255 p.
1214 2173 1279 2236 987

130 2274 210 2337 Not.
225 2281 263 2339 11
287 2276 326 2339 de
344 2278 402 2338 hec
421 2279 601 2341 narratione
620 2275 834 2342 dubitaverit?
876 2277 940 2355 Qui
957 2276 1084 2361 quidem
1098 2274 1189 2355 illud,
1211 2275 1280 2356 opi·

131 2398 211 2458 nor,
238 2401 296 2442 nec
316 2379 465 2460 tradidit,
487 2401 546 2444 nec
565 2382 667 2447 voluit
688 2403 881 2459 assemrare,
903 2384 942 2444 ab
965 2378 1132 2462 Euripide,
1161 2399 1231 2441 cum
1251 2377 1278 2440 is

131 2481 302 2546 admodum
329 2503 426 2546 senex
446 2484 479 2547 in
502 2484 719 2549 Macedoniam
740 2485 893 2563 venisset,
923 2485 1148 2566 septuagesimo
1169 2481 1279 2544 aetatis

132 2606 218 2648 anno
247 2599 423 2670 stupratum
453 2589 548 2652 luisse
578 2591 784 2670 Agathonem,
836 2589 879 2650 At
903 2585 972 2648 lieri
996 2588 1119 2669 potuit,
1149 2598 1186 2648 ut
1211 2597 1280 2647 tum

132 2691 291 2751 hominem
315 2689 547 2773 quodammodo
570 2690 700 2772 diligere
722 2691 894 2768 desineret,
923 2687 1205 2773 quemaliqnando
1230 2708 1280 2748 ar·

133 2791 260 2856 dentius
283 2806 441 2857 amaverat
464 2814 597 2876 eumque
619 2796 702 2858 inter
723 2798 829 2877 epulas
850 2794 917 2858 vini
938 2795 1051 2875 plenus
1077 2794 1279 2867 oscularetur,

132 2897 286 2958 memoria
306 2897 496 2978 praeteritae
518 2899 655 2959 caritatis
682 2899 717 2958 in
738 2898 876 2961 animum
898 2907 1054 2958 revocata.
1098 2895 1210 2978 Neque
1231 2892 1281 2954 ul·

133 3001 202 3062 lum
223 3012 453 3080 argumentum,
471 3008 563 3062 extra
577 2999 805 3062 dubitationem
827 2997 976 3078 positum,
996 2997 1134 3073 invenio,
1156 3015 1220 3077 quo
1240 2995 1280 3055 il·

133 3106 202 3167 lum
223 3103 394 3187 Chrysippi
414 3104 508 3166 finem
531 3103 625 3167 fuisse
649 3123 775 3183 negem,
808 3121 902 3185 quem
922 3097 1071 3162 Aelianus
1094 3113 1280 3159 commemo·

133 3221 196 3270 rat.
239 3208 319 3270 Nam
343 3209 402 3271 etsi
423 3208 479 3270 tali
506 3207 720 3272 narrationum
742 3205 848 3288 generi
870 3224 934 3266 non
956 3205 1105 3278 majorem
1130 3199 1279 3298 halremus

133 3309 247 3390 fidem,
268 3333 361 3394 quam
385 3325 498 3374 natura
519 3333 626 3375 sarum
646 3309 800 3388 admittit,
827 3309 879 3373 tel
899 3305 1055 3390 postulat,
1081 3314 1116 3366 ut
1137 3321 1221 3379 rem,
1241 3301 1280 3362 ab

134 3413 268 3476 Aeliano
291 3426 463 3494 narratam,
495 3437 514 3476 a
541 3416 643 3497 specie
670 3415 812 3478 veritatis
833 3413 940 3474 abesse
960 3407 1147 3488 judicemus,
1175 3418 1281 3468 tamen

133 3515 228 3580 valde
249 3515 443 3596 dubitamus,
467 3538 541 3580 num
562 3519 638 3580 talia
659 3518 825 3600 quisquam
845 3513 1021 3594 excogitare
1042 3509 1200 3592 potuerit,
1220 3506 1281 3570 nisi

135 3619 577 3700 consuetudinem-Agathone
598 3641 667 3682 cum
688 3618 840 3700 Euripide
862 3614 957 3679 lando
977 3612 1168 3694 cognoverit.
1211 3609 1282 3686 Quo

134 3721 364 3803 lepidissimum
385 3723 515 3786 ludibrii
535 3744 632 3804 genus
653 3723 780 3801 accedit,
803 3718 888 3804 quod
903 3717 1069 3800 Euripides
1085 3717 1119 3777 in
1134 3717 1283 3776 Thesmo-

134 3825 331 3906 phoriazusis
359 3828 554 3906 Agathonem
582 3829 653 3890 loco
683 3825 823 3888 mulieris
847 3825 968 3886 habere
998 3831 1137 3882 conatur.
1189 3815 1282 3876 Naum

133 3940 259 4008 autent,
286 3941 322 3990 ut
343 3949 485 3992 amorum
506 3929 598 3993 ludos
624 3949 661 3992 eo
683 3928 839 4010 copiosius
860 3927 1008 3987 hactenus
1030 3918 1189 4002 expositos
1209 3915 1283 3976 mit·

137 4044 249 4110 temus,
272 4051 336 4115 quo
354 4033 450 4112 magis
473 4044 504 4094 et
525 4053 629 4096 mores
648 4035 739 4112 hujus
758 4041 792 4092 et
811 4026 949 4092 indolem
970 4038 1001 4088 et
1023 4021 1130 4105 po'e'sin
1149 4027 1283 4099 possunt

136 4136 305 4212 illustrare,
327 4135 525 4217 quaesiverit¹
539 4137 670 4200 fortasse
692 4133 858 4218 quispiam,
878 4147 953 4192 num
975 4139 1024 4188 tot
1044 4123 1158 4186 amicos
1179 4139 1282 4183 secum

136 4239 299 4318 habuerit,
321 4251 400 4322 quot
421 4239 523 4303 fertur
543 4239 645 4320 epulis
666 4236 835 4318 excepisse.
879 4229 1033 4294 Convicio
1055 4221 1137 4288 enin
1156 4243 1213 4304 per
1233 4234 1282 4284 to·

137 4355 201 4405 tam
224 4342 442 4426 antiquitatem
465 4343 630 4420 celebrato,
652 4336 826 4424 siquidem
847 4355 922 4401 vera
945 4329 1042 4394 tradit
1063 4329 1240 4389 Athenaeus
1257 4325 1281 4386 l.

137 4467 170 4526 p.
191 4453 230 4526 4,
263 4444 496 4526 duodetriginta
521 4444 663 4508 homines
684 4442 862 4506 adfuerunt.
904 4433 1066 4517 Equibus
1086 4431 1174 4495 velut
1194 4427 1283 4490 uobi-
1356 4463 1359 4468 -
