3076 4998
796 296 874 371 224

268 486 455 553 insolentem
478 484 590 549 talium
613 483 785 548 canninum
799 483 999 567 .plemnque
1025 481 1120 545 suinae
1148 493 1304 544 naturam.
1345 481 1410 544 Ne·

269 615 331 678 que
353 593 415 655 elia
437 591 584 672 exempla
604 587 735 665 desunt,
765 585 875 650 eodem
902 599 1001 666 teete;
1033 585 1267 665 neSoplnoelee
1296 582 1409 671 χθόνα

268 694 491 782 σταρνούχον,
514 693 655 774 aliaeque
678 688 766 773 αἷμα
789 692 982 773 σταφυλῆς,
1007 691 1144 751 Muret.
1164 690 1188 750 l.
1209 690 1249 764 Ι.,
1271 690 1411 750 noverit.

268 798 353 868 Vide
373 795 554 880 Androcyd.
575 817 626 876 ep.
646 795 728 856 Plin.
752 793 825 854 Nat.
847 793 930 855 Hiet.
951 794 1041 869 XIV,
1063 797 1095 856 5.
1145 791 1254 856 Simile
1282 789 1411 872 quidem

270 901 389 964 dictum
410 897 547 980 videtur,
567 897 654 982 quod
675 897 858 959 Timotheus
879 917 931 978 ap.
949 898 1067 958 Athen.
1086 895 1143 958 XI.
1162 897 1279 976 neon
1301 895 1411 956 liabet:

693 1006 812 1086 ἔμισγε
834 996 862 1068 δ’
877 997 966 1087 αἱμα
992 1051 996 1059 .

483 1103 637 1192 Βακχίου
657 1100 851 1192 ναορῤύτοιι

485 1200 658 1290 δακρύοισι
679 1207 842 1289 νυμφᾶν,

271 1303 325 1370 eed
347 1303 380 1366 id
404 1307 537 1367 multum
560 1305 676 1369 differt.
724 1308 827 1369 Multo
849 1304 952 1370 minue
975 1303 1143 1386 displicere
1162 1304 1256 1370 debet
1276 1303 1413 1380 lieentia,
1462 1345 1466 1350 -

272 1425 337 1490 qua
354 1408 449 1470 lloree
469 1421 524 1469 aut
544 1420 719 1489 pratorum,
738 1410 855 1470 Athen.
868 1410 954 1474 Xlll.
969 1432 1003 1490 p.
1016 1413 1090 1486 608,
1112 1406 1284 1490 λοιμῶναιν
1298 1407 1413 1480 stava,

272 1522 328 1572 eut
353 1509 437 1573 veris
465 1509 609 1594 (ἔαρος),
640 1512 754 1573 Athen.
785 1511 861 1576 ibid.
903 1513 1048 1578 Eneteth.
1072 1510 1112 1578 ed
1140 1511 1233 1574 Hom.
1263 1532 1297 1590 p.
1320 1511 1413 1585 1655,

273 1613 412 1678 sobolem
441 1629 567 1694 queque
598 1613 746 1676 hederam
774 1613 882 1678 filiam.
903 1616 998 1693 unni,
1030 1616 1144 1678 'Athen
1164 1615 1188 1674 l.
1208 1615 1249 1689 t,
1280 1611 1413 1676 voravit.

273 1717 357 1778 Haec
379 1715 462 1780 enim
483 1737 586 1798 neque
606 1717 773 1780 ertificioee
794 1719 934 1800 quaesita
955 1730 1039 1793 eunt,
1059 1737 1163 1799 neque
1184 1727 1337 1793 contorta,
1358 1735 1415 1776 nec

273 1819 363 1897 dura,
386 1819 528 1902 quamuie
550 1839 662 1900 parum
684 1822 819 1883 habeant
836 1822 1008 1887 euavitetie.
1048 1820 1163 1884 Neerio
1185 1841 1225 1880 an
1246 1820 1297 1880 hie
1319 1812 1415 1880 ulline

274 1925 314 1988 eit
337 1925 605 2000 commonenti,
627 1944 691 2006 quo
713 1923 840 1988 Pindar.
862 1922 968 2004 01.11,
982 1929 1025 1990 32
1046 1923 1253 1989 ed.Dieeen.
1272 1922 1414 1986 melleam

207 2113 210 2120 Ι
274 2028 449 2099 emtionem
471 2027 633 2090 dietiuxit:

488 2125 621 2216 οἶμέραν
645 2176 655 2194 .
679 2175 688 2195 .
711 2176 721 2195 .
744 2184 752 2201 .
774 2125 871 2202 παῖδ’
887 2126 997 2202 dilue.

275 2234 361 2312 Quoe
383 2235 469 2298 locoe
490 2250 648 2316 comperet
669 2239 803 2300 Thom.
824 2239 1056 2302 Gatakerue
1078 2235 1176 2320 Oper.
1197 2237 1277 2300 cm.
1298 2258 1333 2317 p.
1343 2239 1414 2298 loe

272 2341 377 2416 Major
399 2349 445 2400 eet
466 2337 648 2415 similitudo,
672 2361 766 2421 quem
790 2342 1010 2406 Victorius
1033 2342 1412 2418 vantemxxxmm

273 2441 410 2515 invenit,
443 2459 513 2500 eum
539 2438 576 2500 iu
599 2439 735 2503 medium
765 2443 908 2506 attulerit
929 2445 984 2508 illa
1004 2445 1151 2526 Aeemyli
1171 2445 1258 2506 Pere.
1280 2445 1343 2504 mu
1364 2439 1414 2502 ed.

274 2543 518 2606 wellam:

446 2640 542 2728 datin
563 2642 769 2722 reuisenti,
792 2641 959 2731 σαμφόρα
982 2647 1082 2733 γαίαα
1103 2649 1216 2718 τέκνα.

274 2747 347 2810 Alia
367 2745 536 2824 figurarum
561 2747 746 2826 specimina,
771 2760 805 2812 ut
824 2746 895 2834 ,ῥόδ’
908 2746 1092 2836 ὀξυφεγγῆ,
1118 2748 1221 2841 ῥόδα,
1246 2739 1415 2836 τιθήνημ’

275 2857 371 2932 ἔαρος
384 2849 676 2931 ἐκπρεπέστατον,
698 2871 779 2932 quae
801 2852 904 2917 minua
925 2855 1040 2920 usitate
1061 2868 1143 2934 aunt,
1162 2877 1221 2918 nee
1235 2875 1299 2918 non
1321 2850 1416 2916 auda.

277 2953 323 3014 cia
355 2950 536 3042 Euaretlriua
564 2970 596 3032 p.
619 2954 720 3014 1658:
752 2953 944 3038 Χαιρήμων
959 2951 1039 3024 οὖν
1067 3001 1141 3020 ...
1171 2953 1190 3024 d
1218 2951 1286 3024 τὸν
1303 2949 1416 3022 meede

276 3053 382 3143 χορῶν
403 3051 509 3122 εἰσιών
530 3050 673 3138 ἐραστὴν
694 3057 811 3130 κοινῶς
828 3061 895 3141 μὲν
916 3053 958 3124 τα
981 3054 1076 3144 ἄνθη
1097 3066 1195 3145 ἔαρος
1215 3061 1317 3148 τέκνα
1339 3054 1417 3124 ἐκά-

278 3160 383 3235 λεσαν,
407 3155 497 3231 ἰδίως
519 3156 554 3222 δὲ
574 3155 617 3222 τοὶ
641 3152 721 3242 ῥόδα
745 3151 911 3243 ὀξυφεγγῆ
933 3162 986 3231 καὶ
1006 3166 1104 3250 ἔαρος
1122 3155 1346 3247 τιθηνὴγιατα
1361 3161 1416 3220 lta·

276 3261 340 3320 bet.
382 3258 486 3320 Miror
507 3270 611 3322 autem
634 3262 702 3326 Th.
725 3262 971 3327 Gatakerum
993 3265 1014 3322 l.
1036 3265 1057 3326 l.
1078 3285 1112 3344 p.
1135 3267 1215 3341 105,Ι
1231 3263 1288 3345 qui
1310 3261 1348 3325 de
1369 3263 1417 3322 lo-

276 3361 401 3422 eutione
435 3359 655 3428 Chaeremonie
687 3377 834 3446 quaerat,
873 3367 1051 3431 meretrices
1084 3364 1216 3440 πώλους
1243 3362 1417 3447 Κνπρίδοσ
1522 3447 1523 3450 ¹

274 3463 427 3540 dicentia,
458 3482 588 3548 nemque
613 3487 653 3530 ex
672 3467 874 3550 Pannychide
895 3471 987 3546 liujus
1014 3471 1054 3534 eb
1078 3471 1243 3532 Athenaeo
1264 3476 1416 3530 eervetnm

278 3579 445 3630 eeeeueret.
488 3567 551 3632 Sed
563 3571 687 3634 fallitur
704 3573 799 3636 modo
815 3572 983 3638 admodum
999 3574 1133 3654 egregio.
1175 3571 1223 3636 lbi
1238 3569 1318 3636 enim
1334 3587 1416 3628 1111111

278 3682 399 3732 tentum
420 3673 507 3736 locus
530 3685 648 3751 exeret,
679 3675 713 3738 in
743 3697 837 3758 quem
868 3677 923 3740 ille
954 3679 1121 3758 conuenire
1151 3687 1300 3756 possunt,
1329 3671 1416 3734 xllt.

275 3795 308 3854 ρ.
333 3776 410 3856 568;
439 3775 493 3837 eed
515 3789 563 3838 eet
584 3776 699 3858 Eubuli
720 3779 898 3858 comoedia,
921 3800 983 3844 uon
1005 3780 1165 3860 tragoedia
1187 3776 1417 3852 Chaeremon,

277 3877 503 3958 quaeritatur.
543 3879 716 3942 Meinek.
738 3883 819 3944 Hiet.
841 3883 917 3946 Crit.
940 3906 971 3965 p.
991 3889 1064 3948 366.
1108 3887 1215 3965 ltaque
1245 3894 1281 3943 ut
1308 3899 1416 3958 magna
1521 3947 1522 3958 ¹

278 3978 449 4072 ἐπιθέτων
473 3980 562 4060 copia
585 3981 753 4065 variusque
780 4005 888 4048 eorum
912 4005 985 4048 uem
1007 3984 1046 4048 ad
1071 3987 1190 4068 epicam
1210 3983 1321 4064 poe'ein
1343 3999 1418 4063 pro-
1519 3958 1521 3977 ⁴

278 4077 362 4140 xime
384 4082 524 4162 στρατιὴ,
547 4082 590 4144 sic
608 4085 708 4147 oratio
730 4087 762 4148 in
784 4089 929 4169 plurimis
953 4091 1169 4152 trimetrorum
1190 4085 1333 4170 reliquiis
1355 4105 1419 4146 me·

279 4180 373 4243 licum
397 4183 533 4246 colorem
555 4187 663 4249 habuit
681 4211 699 4250 a
720 4189 937 4272 dithyrambis.

365 4283 525 4348 Facillime
549 4287 735 4370 Gruppio
756 4294 886 4357 Ariadn.
907 4317 939 4376 p.
960 4296 1019 4360 751
1044 4291 1208 4370 aeaentior,
1230 4275 1420 4353 Chaeremo-

282 4400 371 4462 nem,
403 4406 472 4449 cum
501 4389 534 4453 iu
558 4389 716 4456 Centauro
740 4397 845 4460 omnie
873 4397 996 4462 dicatur
1018 4410 1192 4465 metrorum
1218 4408 1334 4474 genera
1362 4390 1421 4452 mi·
