3044 4982
650 289 700 361 45

183 479 243 542 Eu
250 475 413 559 phorio.
456 473 638 555 Euphorio,
657 471 742 538 iilius
761 473 926 557 Aeschyli,
945 475 1033 542 Suid.
1054 497 1080 540 s.
1101 499 1154 543 vv.
1181 482 1248 548 Αἰ-

95 581 233 672 σχύλος,
253 575 452 666 Εὐφορίων,
472 603 491 642 a
513 579 711 644 Chalcidensi
732 589 826 662 poeta
849 581 1084 662 distinguendus
1106 597 1170 665 est,
1191 587 1247 670 qui

97 690 195 750 multa
220 697 254 748 et
276 687 410 750 obscura
438 693 581 766 po'e'mata
610 684 744 765 scripsit.
793 686 885 748 Hunc
905 686 1131 769 Aristophanes
1159 710 1176 750 e
1198 689 1247 751 di·

98 789 259 867 descsliis,
294 785 405 865 credo,
437 786 601 851 victoriam
628 787 667 850 de
688 787 845 869 Sophocle
871 801 903 851 et
924 789 1076 871 Euripide
1103 792 1246 856 retulisse

97 892 203 968 tradit,
228 909 299 952 cum
322 890 440 952 archon
459 890 593 952 Athenis
615 902 695 954 esset
715 890 924 973 Pythodorus.
966 894 1097 972 Argum.
1114 894 1153 957 ad
1170 895 1246 960 Eur.
1284 875 1290 888 ³

98 994 203 1057 Med:
238 992 401 1082 ἐδιδάχθη
429 993 486 1060 ἐπὶ
509 991 722 1078 Πυθοδώρου
741 992 908 1084 ἄρχοντος
928 993 1015 1062 sosoi
1040 990 1105 1082 σύν
1126 992 1248 1086 ὀγδοη-

98 1093 223 1179 rassin
244 1092 400 1182 ἑβδόμην
426 1088 667 1182 Ὀλυμπιάδα·
702 1100 835 1182 nocitor
858 1093 1061 1184 Εὐφορίων,
1090 1100 1247 1187 δεύτερος

100 1199 290 1283 Σοφοκλῆς,
301 1193 627 1282 σοίνοςΕλίρισιίδης.
670 1202 717 1262 lta
728 1201 945 1280 Pilugkius,
963 1221 1033 1264 curn
1045 1201 1100 1264 alii
1114 1203 1246 1284 eundem

98 1322 265 1364 numerum
282 1317 348 1362 non
365 1299 480 1378 verbis,
503 1299 556 1364 sed
571 1301 673 1364 literis
691 1297 746 1382 νζ
762 1304 953 1383 exprimant,
973 1303 1007 1364 in
1025 1303 1074 1365 his
1092 1305 1246 1368 Porson

98 1417 193 1488 etque
215 1407 436 1483 Elmslejus,
458 1406 513 1488 qui
535 1425 649 1468 nonren
666 1403 905 1493 Ποθοσσίιίρου,
928 1406 1013 1490 quod
1035 1409 1117 1476 liber
1132 1409 1246 1472 Rotna-

99 1529 156 1571 nus
181 1510 293 1587 habet,
315 1509 433 1591 quique
455 1509 620 1571 lectionem
644 1508 772 1570 Arsenii
794 1502 949 1594 εἰκοστὴν
969 1511 1087 1587 reiecit.
1131 1513 1248 1594 Pytho·

99 1611 196 1674 dorus
218 1622 324 1674 autem
347 1609 398 1678 01.
416 1614 504 1688 sm
530 1613 647 1675 archon
669 1611 744 1688 tuit,
773 1610 932 1674 Coruin.
954 1613 1038 1675 Fest.
1059 1615 1124 1676 Att.
1146 1615 1182 1674 T.
1196 1615 1246 1676 lli.

99 1735 130 1795 p.
154 1717 231 1778 167.
273 1715 373 1797 Atqui
394 1728 485 1795 pater
506 1727 643 1796 quotuor
664 1725 696 1774 et
718 1713 831 1792 uiginti
858 1715 947 1776 annis
974 1727 1046 1776 ante
1074 1715 1248 1779 decesserat

101 1813 155 1880 01.
179 1820 231 1894 st,
251 1821 285 1896 1,
311 1837 382 1878 cum
409 1815 606 1896 septuaginta
636 1814 702 1875 lere
731 1833 830 1876 annos
859 1817 1088 1895 complevisset.
1143 1816 1248 1894 Quare

99 1919 281 2000 Euphorio,
310 1921 345 1981 ni
366 1939 440 1981 sene
461 1928 571 1998 poeta,
603 1938 672 1978 cum
692 1919 721 1980 is
744 1918 1034 2000 quinquagesimum
1057 1941 1172 1982 annum
1194 1943 1249 1983 ex·

100 2024 258 2102 cessisset,
289 2023 413 2103 genitus
442 2033 505 2098 est,
536 2021 569 2083 id
600 2020 685 2104 quod
714 2042 732 2083 a
762 2024 829 2086 veri
857 2025 1005 2086 abhorret
1033 2024 1248 2107 similitudine,

98 2125 374 2209 quadragesimum
396 2146 512 2188 annum
533 2137 601 2186 tum
624 2127 716 2206 longe
738 2137 920 2189 excesserat.

23 2309 27 2314 Ι
185 2230 295 2307 Ησσο,
319 2230 381 2291 uisi
402 2229 549 2311 proprias
571 2228 691 2291 fabulas
713 2229 879 2310 edidisset,
902 2231 1014 2295 Suidas
1039 2233 1142 2297 minus
1163 2248 1248 2298 reete

101 2341 226 2414 poe'tam
248 2332 403 2413 tragicum
423 2334 612 2415 appellasset
637 2353 662 2397 s.
684 2354 716 2396 v.
735 2327 921 2418 Εὐφορίων
929 2373 942 2412 ,ν
968 2327 1043 2410 vide
1063 2329 1250 2424 Αἰσχύλον,

100 2436 162 2502 sori
178 2436 356 2522 τραγικοῦ,
376 2427 581 2519 Ἀθηναῖος,
603 2431 758 2519 νρσχωιὸς
774 2435 829 2502 καί
850 2428 966 2513 ονόός,
984 2455 1007 2496 s.
1022 2457 1052 2498 v.
1068 2434 1248 2526 Αἰσχύλος.

101 2540 162 2603 Sed
188 2551 235 2602 est
256 2538 381 2616 clarius,
403 2538 489 2621 quod
512 2538 596 2600 idem
617 2559 641 2598 s.
664 2558 697 2601 v.
721 2543 847 2622 ἔγραψε
869 2537 905 2603 δὲ
927 2537 981 2606 stul
1005 2543 1118 2606 οἰκοίσ.
1162 2537 1248 2602 ldem

100 2644 276 2725 tragoedias
298 2645 399 2725 patris
420 2642 560 2706 noudum
582 2642 683 2705 editas
701 2640 815 2718 docuit,
836 2639 939 2723 iisque
956 2641 1119 2704 victoriam
1136 2655 1249 2725 quater

98 2760 146 2810 est
166 2760 369 2826 consecutus,
397 2745 486 2810 Suid.
511 2748 534 2808 l.
556 2747 577 2809 l.
599 2742 638 2821 iic
659 2746 714 2814 ναί
736 2759 808 2818 σοῖς
829 2747 891 2812 τοῦ
913 2740 1043 2830 πατρὸς
1063 2743 1248 2833 Αἰσχύλον,

102 2848 151 2924 οἷς
173 2845 278 2934 μήπω
299 2845 346 2934 ἤν
369 2845 640 2933 ἐπιδειξάμενος,
660 2845 815 2932 respuisse
835 2845 999 2929 ἐνίκησεν.
1043 2846 1135 2911 Unde
1150 2867 1249 2930 quan·

103 2974 198 3035 quam
218 2954 339 3016 fabulas
362 2951 509 3032 Aeschyli
529 2952 646 3031 liquet,
677 2969 755 3030 quas
782 2949 987 3012 Athenienses
1016 2948 1156 3012 nondum
1176 2971 1249 3014 con·

101 3056 213 3137 spicati
235 3057 377 3132 fueraut,
407 3054 447 3116 ab
469 3050 673 3132 Euphorione
696 3069 851 3131 prospero
872 3069 942 3109 cum
964 3070 1105 3114 successu
1126 3052 1160 3110 in
1184 3072 1249 3113 sce·

101 3181 175 3224 nam
189 3181 258 3222 esse
276 3157 404 3236 delatae,
426 3157 571 3236 ambigua
592 3167 697 3216 tamen
720 3153 807 3214 notio
826 3151 998 3232 particulae
1020 3152 1074 3216 soi
1095 3151 1249 3212 incertum

100 3264 273 3346 relinquit,
305 3276 411 3324 utrum
433 3282 530 3344 opera
556 3260 655 3341 patris
680 3279 749 3321 oum
774 3256 845 3318 eliis
865 3254 996 3317 aemulis
1020 3253 1179 3330 docuerit,
1209 3277 1247 3316 en

100 3384 165 3427 uon
186 3362 281 3426 modo
302 3385 388 3441 suas,
415 3362 469 3428 sed
491 3364 584 3423 etiam
606 3372 752 3440 paternas
775 3357 950 3438 tragoedias
971 3357 1106 3420 feliciter
1127 3355 1249 3423 dedisse

101 3465 237 3529 dicatur.
278 3467 342 3531 Sed
367 3469 444 3530 haee
465 3467 547 3529 ratio
574 3465 791 3545 explicationis
813 3462 852 3525 ad
876 3474 1057 3524 contemtum
1078 3463 1248 3525 verborum

100 3573 204 3634 multo
227 3573 332 3654 optior
354 3585 411 3634 est.
454 3573 574 3633 Verum
602 3571 685 3630 enirn
716 3567 792 3651 quid
824 3579 888 3644 eet,
918 3565 1002 3648 qttod
1030 3566 1250 3643 Elmslejus

102 3673 142 3736 ad
164 3675 277 3756 Eurip.
297 3675 385 3738 Med.
412 3697 445 3756 p.
467 3674 509 3738 70
536 3674 701 3737 victoriam
728 3671 958 3770 §uplrorionim
988 3667 1172 3752 Pythodoro
1201 3691 1251 3732 ar·

105 3778 233 3855 choute,
265 3790 459 3859 reportatam
481 3796 545 3838 uon
566 3774 683 3856 ipsius,
713 3773 767 3835 sed
789 3773 938 3854 Aeschyli
959 3773 1072 3835 fabulis
1094 3772 1249 3834 decretam

103 3893 246 3959 censeat,
276 3893 425 3963 tanquam
454 3879 554 3941 virtus
583 3877 616 3938 in
632 3878 733 3956 ‘prole
760 3875 991 3954 generosissimi
1013 3881 1124 3955 poetae
1146 3872 1248 3935 subito

103 3979 278 4046 deiecerit?
322 3979 415 4057 Quod
436 3999 538 4062 neque
559 3978 619 4040 iste
641 3977 749 4054 nobis,
777 3997 834 4038 nec
855 3977 1090 4039 Boeckhius
1111 3993 1249 4056 unquam

103 4089 314 4172 persuaserit,
335 4089 392 4171 qui
414 4087 443 4147 ei
465 4085 503 4148 de
526 4087 583 4150 Gr.
602 4085 693 4163 Trag.
714 4084 767 4146 Pr.
787 4103 821 4162 p.
834 4085 872 4145 st
897 4082 1096 4160 suffragatur.
1138 4077 1250 4156 Neque

105 4194 190 4254 eninr
209 4192 432 4274 Euphorionis,
455 4190 686 4250 Hermanno
708 4184 740 4247 id
760 4187 838 4246 bene
852 4184 886 4246 in
905 4182 1020 4264 Opusc.
1035 4182 1071 4241 T.
1086 4180 1122 4239 ll.
1140 4199 1172 4257 p.
1187 4179 1249 4240 158
1297 4217 1308 4242 0

105 4308 269 4373 monente,
298 4294 351 4358 sed
376 4292 523 4374 Aeschyli
544 4311 658 4352 nomen
679 4292 712 4352 in
744 4287 919 4350 didascaliis
941 4295 1021 4345 esset
1049 4278 1250 4362 adscriptum,

104 4398 131 4459 si
158 4397 301 4479 paternis
322 4399 377 4460 ille
401 4393 515 4458 sabulis
535 4393 668 4459 vicisset.
712 4388 816 4466 Quare
838 4389 888 4449 hie
910 4399 942 4448 et
962 4381 1093 4463 gestium
1114 4382 1251 4446 familiae
