3076 4998
790 322 864 396 152

252 513 386 575 lissimos
421 513 511 574 Plato
543 519 662 589 septem
693 505 882 584 introducit,
915 503 1126 583 Alcibiadem,
1159 503 1401 588 Apollodorum,

253 616 505 696 Aristophanem,
527 612 784 694 Eryximachum,
805 608 999 686 Pausaniam,
1022 605 1208 686 Phaedrum,
1229 608 1402 675 Socratem.

254 717 317 782 Sed
335 719 483 800 quaestio.
500 715 595 781 dubia
617 715 787 796 multisque
808 712 1044 776 difficultatibus
1064 711 1217 792 implicita
1239 725 1296 785 est.
1337 715 1404 778 Ne·

254 843 316 905 que
338 821 421 882 enim
442 819 631 896 dubitamus,
652 819 729 902 quin
751 817 934 881 Pausaniam
955 815 1150 880 arcessiterit
1171 828 1204 877 et
1223 816 1402 882 Somatem!

253 925 375 986 Verum
401 923 459 986 etsi
480 943 531 985 res
552 922 620 1004 ipsa
641 923 799 985 hominem
827 919 921 983 tantis
942 917 1038 980 animi
1060 931 1090 980 et
1112 919 1254 1000 corporis
1275 919 1402 986 dotibus

255 1027 472 1108 conspicuum,
500 1035 625 1107 poetam
655 1027 689 1088 in
716 1029 833 1108 ¹attigua
861 1023 1114 1100 celeberrimum,
1144 1022 1341 1107 eundemque
1369 1040 1402 1088 et

254 1130 393 1194 molliter
424 1141 456 1192 ct
486 1127 616 1192 delicate
647 1130 824 1208 viventem,
853 1129 886 1191 in
917 1128 1084 1190 amicitiam
1111 1128 1152 1187 ab
1180 1127 1326 1190 omnihus
1356 1130 1402 1191 fa·

238 1231 313 1321 ‚cile
327 1231 502 1296 admissum
524 1234 681 1318 loquitur,
711 1235 768 1317 qni
787 1234 840 1298 rel
863 1232 990 1311 ingenio
1011 1243 1221 1312 praestarent,
1247 1235 1299 1296 rel
1320 1233 1402 1299 divi·

253 1333 305 1398 tiis
327 1334 502 1419 opibusque
525 1325 731 1416 excellerent5
760 1337 851 1398 Plato
879 1347 984 1397 tamen
1008 1334 1065 1398 six
1089 1334 1134 1397 ita
1155 1355 1327 1399 sermonem
1352 1338 1403 1399 in-

255 1437 375 1514 stituit,
406 1449 442 1500 ut
463 1458 533 1500 cum
554 1461 677 1504 summo
705 1445 771 1518 eius
793 1439 983 1502 detrimento
1005 1438 1169 1502 raritatem
1194 1459 1283 1501 mors
1301 1441 1401 1503 histo·

254 1539 390 1602 ricorum
411 1542 516 1625 sequi,
547 1565 640 1626 quam
662 1561 699 1606 ca
721 1562 909 1624 componere
933 1542 1094 1620 maluerit,
1119 1563 1199 1626 quae
1220 1544 1401 1607 noumcdo

254 1642 436 1708 verisimilia
457 1657 576 1724 essent,
607 1645 661 1710 scd
686 1645 781 1708 etiam
805 1665 873 1708 cum
898 1645 1020 1708 ratione
1042 1645 1139 1709 totius
1161 1647 1264 1728 operis
1286 1667 1401 1711 conve·

254 1745 369 1808 nirem.
411 1749 521 1832 ltaque
541 1749 727 1812 Wolfius
749 1749 884 1812 Praefat.
913 1747 953 1810 ad
974 1750 1096 1810 Platon.
1121 1770 1154 1829 p.
1175 1749 1235 1810 XL
1262 1767 1324 1812 non
1352 1763 1403 1812 te·

253 1868 338 1912 mere
354 1851 494 1932 ambigit,
514 1873 589 1916 num
607 1851 783 1916 Alcibiades
804 1852 861 1914 illo
879 1864 1033 1932 tempore,
1050 1871 1115 1934 quo
1130 1851 1308 1915 incendium
1325 1854 1402 1915 belli

252 1952 509 2035 Peloponnesiaci
530 1959 665 2022 maxime
687 1955 905 2038 conflagravit,
933 1956 983 2016 illi
1004 1955 1149 2019 convivio
1170 1955 1321 2020 interesse
1342 1975 1401 2037 po·

225 2130 228 2140 ¹
252 2056 360 2121 tuerit.
404 2059 448 2120 At
468 2059 497 2121 si
520 2059 560 2122 de
584 2061 788 2125 convivarum
809 2078 941 2122 numero
963 2070 1136 2136 constaret,
1157 2078 1222 2120 non
1245 2059 1321 2120 item
1341 2059 1401 2120 sci·

252 2175 319 2234 res,
348 2171 427 2240 quot
458 2164 629 2246 qualesque
651 2165 766 2226 amicos
788 2163 957 2227 habuisset.
1001 2160 1106 2239 Quare
1126 2159 1263 2223 difficilis
1283 2162 1333 2224 hic
1354 2164 1402 2224 lo·

254 2279 306 2322 cus
326 2261 419 2341 plana
440 2265 666 2350 relinquendus
689 2280 746 2330 est.

337 2363 402 2426 sed
422 2386 501 2448 quos
525 2389 629 2432 mores
655 2367 806 2453 quodque
833 2366 992 2446 ingenium
1014 2366 1186 2446 Agathonis
1212 2367 1247 2426 in
1267 2367 1323 2428 illa
1344 2369 1401 2430 ho·

251 2463 371 2528 minum
398 2469 623 2533 consuetudine
652 2471 804 2534 exsistere
832 2489 956 2532 necasse
982 2469 1061 2546 tuit,
1095 2469 1150 2552 qui
1176 2479 1240 2531 tam
1267 2470 1400 2534 nefarias

250 2568 417 2632 libidinum
440 2574 657 2652 contumelias,
687 2575 805 2657 quique
827 2584 946 2636 tantem
970 2571 1200 2655 turpitudinem
1226 2573 1401 2636 subierunt.

249 2669 292 2732 Et
312 2672 373 2735 fuit
395 2673 520 2758 quidem
543 2679 644 2740 omnis
665 2678 720 2740 illa
744 2690 829 2741 aetas
851 2679 1015 2761 inquinata
1035 2677 1180 2740 omnibus
1200 2677 1300 2754 vitiis3
1323 2677 1399 2738 huic

251 2795 328 2838 vero
349 2779 405 2860 qui
426 2777 629 2841 delicatarum
648 2783 914 2863 obscenarumque
936 2800 1041 2844 rerum
1063 2777 1226 2860 cupidine,
1250 2782 1303 2843 vel
1323 2781 1399 2844 effc-

250 2877 367 2940 minata
388 2881 521 2946 mollitie
545 2883 718 2963 anteirent,
751 2895 806 2948 aut
827 2884 935 2964 pauci,
967 2895 1022 2946 aut
1047 2883 1128 2944 nulli
1152 2883 1401 2963 reperiebantur.

250 2977 403 3054 Quocirca
423 2985 589 3069 Euripides
610 2989 943 3070 Thesmophoriazusis
964 2987 1160 3050 Mnesilocho
1187 2988 1247 3066 ait,
1280 3007 1351 3050 cum
1372 2987 1400 3049 is

238 3077 391 3162 =ignotum
414 3091 607 3172 Agathonem
630 3093 758 3164 omnino
780 3093 840 3156 sibi
863 3091 1028 3156 confirmet
1050 3113 1080 3155 v.
1097 3093 1156 3152 352

377 3193 430 3259 sui
452 3188 524 3278 μὴν
544 3195 734 3279 βεβίνηκας
759 3187 800 3260 σύ
822 3188 864 3280 γ’,
888 3190 1249 3270 attaminatum,

248 3287 380 3369 perinde
402 3312 438 3352 ac
466 3293 493 3355 si
515 3294 698 3356 hominibus
722 3295 784 3356 sibi
804 3298 898 3376 plane
919 3296 1035 3376 ignotis
1057 3315 1176 3358 morem
1197 3314 1306 3374 gerere
1327 3313 1401 3356 con·

249 3391 413 3454 suevisaet.
455 3392 517 3456 Sed
545 3397 690 3476 turpiora
717 3409 750 3461 et
777 3399 937 3462 acerbiora
958 3401 1012 3462 illa
1033 3398 1221 3462 Mnesilochi
1242 3395 1401 3472 videntur,

248 3490 314 3572 qui,
334 3493 530 3572 Agathonem
552 3498 636 3562 foras
658 3499 869 3580 prodeuntem
891 3503 1096 3584 conspicatus,
1122 3502 1277 3584 Cyrenam
1298 3519 1401 3562 mere-

248 3591 357 3654 tricem
379 3595 517 3660 omnium
539 3598 778 3666 famosissimam
799 3622 865 3668 esse
888 3605 1047 3686 opinatur,
1069 3624 1150 3686 quae
1174 3617 1308 3684 propter
1328 3623 1400 3664 sex·

248 3704 355 3756 centos
377 3701 558 3766 concubitus
578 3703 689 3769 modos
710 3706 991 3798 δωδεκαμήχανοσ
1012 3710 1170 3791 ΙψΡθῙῙῑὶῒῑι
1195 3720 1250 3773 θθῒ·
1302 3705 1400 3770 Affir·

246 3807 310 3856 mat
331 3798 414 3862 enim
437 3805 498 3866 98:

543 3904 603 3993 syri
624 3904 690 3995 γὰρ
709 3905 773 4000 οὐχ
793 3907 857 3997 ὁρῶ

415 4001 507 4092 ἄνδρ’
521 4002 633 4078 oridia³
644 4007 766 4080 ἐνθάδ’
777 4010 881 4093 ὄντα,
904 4011 1065 4101 Κυρήνην
1088 4010 1202 4100 d’dpci.

244 4105 289 4166 Ac
310 4109 537 4188 turpitudinem
558 4111 699 4195 Cyrenas
721 4115 833 4181 Suidas
855 4139 879 4180 s.
896 4137 926 4182 v.
946 4115 1223 4206 δωδεκαμήχανος
1256 4116 1399 4196 exponit.

246 4201 429 4272 Omittimua
450 4211 536 4276 illam
557 4217 785 4295 conviciorum,
814 4219 1019 4302 quibuscum
1043 4219 1259 4282 Mnesilochus
1281 4215 1397 4282 deinde

243 4309 358 4386 carpit,
394 4317 524 4396 seriem,
564 4341 632 4382 cum
667 4320 701 4382 in
737 4323 867 4388 eandem
903 4325 985 4389 vitas
1019 4324 1180 4388 infamiam
1215 4321 1393 4386 concidant.

241 4408 431 4494 Thesmoph.
453 4423 533 4481 200:
