3076 4998
784 318 862 388 232

252 507 324 570 simi
346 511 457 589 pobtae
479 504 730 587 frequentarunt.
774 499 935 565 Charmid.
954 522 989 582 p.
1009 501 1072 563 151
1093 498 1137 560 E:
1157 495 1220 582 ἤτε
1239 493 1306 583 γαρ
1328 524 1398 566 no-

252 609 340 696 τρῷα
368 605 453 694 ὑμῖν
481 607 570 676 olsa'o
599 602 621 687 η“
655 607 799 691 Κριτίου
825 606 891 674 sori
918 602 1094 689 Δρωπίδου
1125 603 1181 668 καὶ
1209 596 1269 668 ὑπ’
1289 593 1399 670 Ἀνα-

253 713 409 797 νρὲοντοα
438 709 495 776 sol
526 699 596 776 aiud
624 705 778 784 Σόλωνος
806 709 860 777 καλ
881 701 942 776 ὑπ’
957 703 1067 776 ἄλλον
1088 703 1224 772 πολλῶν
1247 705 1399 790 ποιητῶν

212 883 217 891 ,
253 811 545 898 ἐγκενοηιιαομὲνη
569 809 796 897 παραδέδοται
817 806 916 897 ἡμῖν,
938 807 981 884 sic
999 808 1203 894 διαφέρουσα
1223 801 1340 872 κάλλει
1361 832 1399 874 το

252 917 308 984 καλ
328 910 430 1002 α’ροοῄ
448 915 503 981 καλ
524 916 567 1000 τῇ
587 909 676 1002 ἄλλη
694 915 862 1002 λεγομένη
884 905 1098 997 εὐδαιμονίη.
1137 911 1189 972 Ab
1210 928 1281 988 avo,
1301 929 1397 990 quem

252 1019 386 1082 inanime
410 1017 538 1095 dilexit,
563 1015 675 1098 cuique
698 1027 798 1078 totum
819 1038 852 1080 se
875 1015 1013 1093 dedidit,
1037 1013 1272 1094 diligentissime
1292 1011 1398 1074 erudi·

253 1133 303 1184 tus
326 1134 383 1184 est.
425 1121 576 1185 Philostr.
597 1121 665 1183 Vit.
683 1121 783 1201 Soph.
802 1121 828 1198 l,
850 1123 909 1182 16:
940 1118 1013 1186 luel
1043 1116 1080 1182 db
1108 1113 1228 1201 ἄριστα
1257 1118 1326 1199 psa
1351 1107 1398 1199 ἦν

252 1223 534 1308 πεπαιδευμένος.
576 1224 656 1285 Plat.
682 1223 765 1284 Tim.
789 1246 823 1304 p.
844 1227 886 1286 29
907 1224 949 1286 D.
1002 1221 1086 1284 Nam
1117 1218 1213 1282 modo
1243 1220 1327 1280 launo
1358 1217 1398 1280 ds

253 1326 429 1390 veterrimis
450 1327 545 1388 rebus
568 1324 772 1388 disserentem
790 1328 973 1410 fabulasque
992 1336 1171 1390 nmrantem
1186 1321 1296 1402 audiit,
1317 1324 1398 1384 Plat.

252 1428 336 1494 Tim.
359 1451 391 1510 p.
411 1433 468 1505 at,
498 1427 594 1492 modo
616 1449 686 1490 cum
708 1429 777 1492 aliie
798 1431 963 1506 juvenibus
985 1429 1025 1492 de
1046 1425 1211 1510 praemiis,
1243 1444 1323 1509 qaae
1345 1426 1398 1489 vel

252 1544 362 1615 pater,
384 1534 435 1597 vel
456 1551 534 1596 avus
557 1545 761 1614 exposuerat,
783 1533 828 1594 ita
849 1533 995 1610 certavit,
1015 1543 1052 1593 ut
1073 1531 1209 1592 carmina
1231 1536 1397 1611 poetarum

253 1635 477 1716 declamarent,
509 1656 591 1719 quas
618 1647 686 1698 tum
712 1657 833 1700 summo
862 1640 895 1702 in
924 1640 1043 1702 honore
1073 1635 1284 1712 habebantur,
1307 1634 1397 1695 .Tim.

252 1763 284 1824 p.
306 1745 344 1804 21
369 1741 414 1802 B:
439 1732 563 1808 Ἀθλο
585 1735 651 1825 ydp
679 1744 712 1806 οἱ
741 1739 882 1826 πατέρος
903 1746 1028 1808 dheora
1049 1735 1232 1826 ροψῳθοάς.
1262 1737 1398 1802 πολλῶν

251 1847 320 1928 μὲν
342 1835 413 1912 οὖν
433 1837 474 1928 λη’
495 1842 552 1910 καὶ
575 1838 685 1910 πολλοὶ
715 1843 839 1930 ἐλέχθη
867 1843 1019 1928 ποιητῶν
1049 1836 1228 1925 ποιήματα
1236 1888 1248 1918 ,
1279 1833 1398 1906 dealt

252 1946 313 2014 νέα
334 1940 407 2014 κατ’
422 1951 548 2014 ἐκεῖνον
577 1944 641 2014 eds
668 1942 791 2033 χρόνον
821 1941 905 2014 ὄντα
932 1934 974 2008 asi
998 1935 1151 2016 Σόλωνος
1182 1940 1304 2008 πολλοὶ
1328 1942 1399 2008 τοῖν

255 2050 390 2118 παίδων
412 2046 557 2138 ᾔοαμον.
601 2047 707 2126 Quare
734 2049 788 2112 uhi
816 2050 956 2131 paullum
983 2046 1122 2110 adolevit
1143 2051 1256 2122 aetas,
1272 2063 1343 2106 cum
1364 2044 1397 2106 in

253 2151 309 2214 ills
330 2153 453 2232 generis
475 2152 616 2215 claritate
640 2175 813 2237 magnaque
840 2151 1022 2214 divitiarum
1049 2147 1139 2230 copia
1166 2145 1311 2210 dubitare
1333 2167 1398 2208 non

253 2267 377 2335 posset,
406 2255 485 2341 quin
514 2257 696 2320 necessariis
724 2257 863 2320 imbutus
883 2254 984 2318 literis
1004 2249 1174 2336 aliquando
1196 2249 1236 2312 sd
1260 2270 1399 2314 summos

253 2359 465 2440 reipublicae
493 2359 608 2438 gradus
633 2373 714 2424 esset
742 2374 971 2442 perventurus,
999 2374 1069 2420 cum
1098 2353 1138 2418 od
1166 2367 1285 2434 cetera,
1317 2375 1397 2437 qrree

254 2482 326 2526 treus
344 2461 393 2522 rei
411 2461 555 2543 publicae
578 2461 784 2542 desiderabat,
805 2477 873 2526 tum
891 2462 930 2526 sd
954 2461 1164 2544 eloquentiam
1182 2460 1321 2522 animum
1341 2479 1397 2538 ap-

253 2563 399 2644 plicavit,
428 2562 495 2624 sins
517 2585 579 2646 qua
601 2587 640 2628 ne
665 2567 874 2648 peritissimus
896 2563 1040 2650 quidem,
1067 2577 1122 2626 aut
1141 2563 1397 2644 opulentissimus

254 2667 489 2730 Atheniensium
519 2667 738 2735 auctoritatem
772 2691 808 2731 ac
838 2669 970 2748 gratiam
1001 2667 1116 2730 civium
1148 2668 1229 2728 inire
1258 2677 1396 2746 poterat.

252 2768 314 2834 Sed
336 2769 393 2832 illo
415 2781 558 2852 tempore
578 2771 778 2834 nihilosecius
801 2773 933 2836 Athenis
955 2772 1060 2854 po'e'sis
1088 2770 1227 2834 studium
1252 2769 1397 2832 florebat.

252 2870 303 2934 Ad
326 2871 411 2955 quod
435 2884 466 2936 et
487 2874 620 2938 aliorum
643 2884 828 2957 poetarum,
854 2895 934 2959 quos
957 2876 990 2936 in
1012 2874 1065 2938 avi
1086 2872 1247 2957 patrisque
1268 2871 1398 2936 aedibus

254 2989 442 3056 cognoverat
464 2989 495 3040 et
515 2977 641 3042 Solonis
662 2982 808 3062 exemplo
831 2980 965 3042 maxime
988 2977 1141 3042 deductus
1168 2990 1226 3040 est.
1275 2978 1399 3040 Verum

253 3080 338 3144 enim
357 3101 487 3163 operam
508 3082 541 3145 in
564 3081 741 3162 cognitione
761 3083 925 3145 literarum
946 3081 1141 3164 poeticisqos
1164 3081 1415 3144 emanationis

253 3186 311 3246 bus
331 3187 466 3267 positam
488 3187 528 3250 od
545 3189 702 3251 'rationem
724 3189 827 3266 vitae,
856 3206 951 3269 quam
978 3183 1012 3246 in
1039 3196 1204 3266 posterum
1224 3183 1315 3267 seqati
1335 3197 1399 3248 sta·

253 3300 373 3367 tuerat,
394 3289 473 3352 adeo
495 3290 630 3370 direxit,
655 3305 692 3354 ut
713 3305 778 3352 tam
799 3299 982 3369 argumenta
1003 3297 1182 3368 poematum
1205 3309 1245 3352 ex
1266 3289 1326 3348 hoc
1344 3308 1398 3365 gs·

254 3391 520 3470 nereldeligeret,
549 3415 643 3477 quom
673 3415 797 3458 ornnem
820 3393 959 3476 undique
982 3394 1151 3460 multarum
1171 3413 1278 3454 rerum
1299 3392 1398 3454 selen-

254 3493 329 3557 tiam
358 3496 575 3576 conquireret,
605 3519 684 3579 quae
713 3511 842 3579 possent
867 3497 930 3578 ipsi
952 3495 1122 3578 aliquando
1143 3496 1176 3556 in
1199 3494 1398 3559 administra·

255 3595 340 3656 tione
370 3597 504 3660 civitatis
532 3600 603 3660 usui
631 3617 706 3663 esse.
721 3629 733 3654 s
750 3603 860 3684 Itaque
881 3599 1112 3682 philosophiam
1135 3621 1194 3680 psr
1215 3620 1248 3662 se
1269 3596 1396 3680 qaudam

253 3715 316 3760 oon
338 3699 561 3781 expetendam,
582 3703 636 3766 sed
658 3706 701 3768 ita
721 3705 882 3770 colendam
905 3723 970 3769 esse
992 3703 1196 3780 emanauerit,
1217 3715 1253 3764 ut
1273 3702 1306 3762 in
1327 3713 1398 3764 arte

253 3803 392 3865 oratoria
417 3804 624 3892 regendisque
649 3811 816 3872 hominum
845 3808 956 3870 animis
983 3808 1086 3888 ipsum
1113 3813 1249 3885 juvaret.
1293 3803 1398 3882 Quare

253 3905 363 3968 mirari
381 3927 444 3970 non
462 3910 545 3986 licet,
568 3909 645 3992 quid
667 3913 718 3990 sit,
740 3912 827 3994 quod
849 3910 944 3973 modo
960 3910 1121 3974 Socratem
1137 3909 1282 3986 audierit,
1305 3908 1398 3971 modo

254 4011 368 4074 scholis
381 4013 593 4094 sophistarum
610 4032 739 4094 operam
758 4015 890 4076 dederit.
933 4014 1014 4077 Nam
1035 4036 1052 4076 e
1074 4014 1194 4076 duabus
1216 4012 1399 4094 disciplinis,

252 4115 395 4195 quamvis
417 4115 542 4180 diversa
563 4129 596 4179 st
623 4139 723 4198 paene
747 4118 906 4180 contraria
927 4138 1034 4183 earum
1055 4117 1178 4181 indoles
1199 4129 1300 4195 esset,
1330 4137 1399 4178 cum

253 4237 311 4277 neo
332 4239 417 4296 vera,
439 4241 542 4303 neque
561 4225 737 4306 probabilia
753 4225 850 4286 vellet
865 4219 1023 4309 indagare,
1043 4223 1077 4284 ia
1092 4241 1182 4284 ustam
1197 4243 1287 4283 suum
1300 4221 1401 4282 multa

255 4335 437 4385 convertero
465 4325 582 4404 potuit.
633 4326 728 4388 lnitio
756 4325 853 4405 igitur
880 4325 1040 4391 Socratem
1067 4326 1177 4388 hahnit
1204 4323 1400 4404 magistrum,

253 4443 347 4505 quem
371 4424 450 4490 adeo
472 4426 645 4494 admiratus
667 4441 731 4512 est,
757 4441 791 4492 ut
814 4429 1038 4494 consuetudine
1060 4435 1128 4512 ejus
1148 4448 1251 4494 moros
1272 4426 1401 4511 tyranni
