3086 4992
797 333 846 404 56

255 530 365 605 hulae,
387 526 488 609 qualis
512 545 552 586 ex
575 525 643 604 ipsa
664 541 772 583 remus
794 519 1016 599 actionumque
1037 515 1117 578 serie
1146 513 1236 597 sequi
1263 512 1403 592 deberet,

256 652 320 695 non
342 629 436 692 modo
456 625 690 700 incredibilem,
711 620 765 686 sed
788 622 881 683 etiarn
902 619 1067 682 fortuitum
1084 629 1180 699 atque
1196 616 1403 696 improvisum

257 735 347 810 lecit,
380 732 435 813 qui
464 752 533 791 cum
563 730 714 792 interiore
747 747 853 787 ratim
883 736 995 786 uatum
1024 741 1088 783 non
1114 720 1188 782 satis
1220 732 1300 783 esset
1332 741 1405 782 con-

257 842 389 914 junctus.
433 834 504 897 Scio
527 831 673 915 quidem,
694 832 753 892 hoc
776 831 938 891 inventum
960 846 1023 889 nou
1046 823 1213 904 displicere
1235 824 1404 906 plerisque,

258 938 315 1020 qui
345 957 451 1000 omnes
472 936 637 1017 Sophoclis
669 946 751 997 artes
773 935 883 997 mirari
912 931 1028 1007 solent,
1063 929 1096 989 in
1117 929 1230 1010 quibus
1252 926 1284 989 id
1308 927 1403 987 etiam

260 1055 385 1104 censent
401 1039 625 1102 numerandum
642 1059 719 1101 esse.
747 1040 954 1102 Walclier.
968 1036 1061 1112 Trag.
1080 1031 1137 1092 Gr.
1153 1033 1189 1092 P.
1203 1032 1225 1090 l.
1246 1051 1318 1109 pag.
1329 1032 1405 1092 ³85.

260 1145 304 1204 At
322 1143 562 1224 Aristophanes,
593 1141 814 1203 subtilissimus
841 1158 947 1201 rerum
977 1135 1166 1199 scenicarum
1200 1133 1406 1209 existimator,

260 1244 292 1306 id
320 1245 424 1325 ipsum
456 1245 632 1306 luculenter
663 1243 836 1324 vituperat,
866 1245 985 1324 quippe
1005 1239 1061 1322 qui
1081 1257 1220 1318 upupae,
1255 1257 1349 1318 quam
1372 1236 1407 1294 in

261 1346 437 1410 comoediae
461 1368 550 1410 usum
562 1347 669 1424 finxit,
690 1367 761 1408 cum
772 1345 921 1408 Philoclis
939 1363 996 1406 svs
1018 1339 1184 1406 contendat
1205 1338 1343 1421 aliquam
1365 1339 1407 1400 si-

262 1447 470 1511 militudinem
492 1469 567 1511 ease.
592 1450 802 1512 Wissowa
824 1449 872 1508 De
887 1447 1048 1526 Aristopb.
1069 1441 1162 1522 judic.
1185 1463 1255 1522 pag.
1272 1444 1323 1501 13.
1339 1439 1407 1501 Nec

262 1551 476 1631 alia,desunt,
496 1553 611 1636 quibus
633 1551 747 1613 vitiosa
766 1551 914 1613 Philoclis
937 1549 1038 1630 poesis
1060 1544 1311 1627 reprehenditur.
1341 1544 1408 1605 Vc·
1534 1585 1535 1592 .

263 1657 311 1717 lnt
334 1657 558 1738 Aristophanes
583 1653 824 1736 Bdalycleonem
845 1655 878 1714 in
893 1652 1009 1733 Vespis
1030 1649 1198 1727 Xanthiae,
1219 1649 1274 1731 qui
1294 1666 1407 1726 vespas
1534 1635 1535 1652 ¹

264 1760 410 1840 expellit,
433 1759 506 1819 lacit
522 1754 715 1837 respondere
735 1758 795 1816 461
810 1775 818 1816 2

349 1855 503 1945 11λᾶμά
525 1855 575 1927 Δι’
598 1859 640 1927 ου’
660 1859 778 1946 ῥᾳδίας
798 1857 904 1932 οὕτως
925 1853 971 1924 ἄν
994 1849 1124 1929 ου’κους
1146 1853 1312 1938 διέφυγες,

350 1967 444 2046 εἴπερ
466 1970 589 2049 ἔτυχον
611 1961 678 2028 νῶν
699 1960 811 2044 μολών
832 1962 900 2026 seis
925 1959 1123 2031 Φιλοκλέους
1143 1948 1360 2039 βεβρωκότες.

265 2065 418 2144 Apposite
440 2063 629 2125 Scholiasta:
672 2054 714 2135 sic
742 2061 804 2128 κού
827 2060 1025 2134 Φιλοκλέους
1046 2053 1167 2144 ἀγρίου
1186 2052 1285 2128 ὄντος
1305 2060 1344 2120 ὲν
1365 2055 1410 2140 τῇ

266 2168 445 2252 μολοποΐα.
474 2158 520 2229 ‘0
533 2163 708 2248 Σοφοκλῆς
728 2157 793 2247 yulp
814 2155 913 2246 η’δές,
936 2156 986 2227 διὸ
1008 2162 1062 2228 καλ
1083 2159 1224 2243 μέλιττα
1248 2159 1411 2223 έκαλεῑκο.

267 2273 404 2344 έπαιξεν
426 2257 502 2346 οὖν,
520 2257 563 2336 ὥς
585 2267 616 2330 st
639 2263 752 2330 εἶπεν·
780 2265 874 2346 οἴπορ
895 2253 961 2344 selu
981 2261 1123 2346 πικρίαν
1143 2253 1251 2325 αὐτοῦ
1268 2249 1328 2323 ’καλ
1347 2250 1411 2338 κέν

267 2359 474 2451 σκληρότητα
498 2366 606 2452 εἶχον,
634 2357 697 2431 otia
719 2357 764 2430 sle
787 2356 916 2435 ου’τούι
940 2361 1058 2451 ῥᾳδίας
1078 2360 1244 2446 διέφυγες,
1273 2351 1318 2430 οἷς
1345 2360 1411 2424 τοῦ

271 2469 472 2542 Φιλοκλέους
506 2464 607 2540 ὄντος
633 2468 794 2550 σκληροῦ,
812 2464 942 2551 οφόιλρα
977 2467 1033 2532 κοιλ
1064 2456 1282 2550 ιλριμυκοὶκου.
1323 2462 1411 2523 Pari·

267 2579 335 2648 ter,
364 2570 420 2652 qui
450 2571 532 2631 hunc
555 2568 648 2632 modo
664 2567 828 2654 ”Αλμην,
850 2569 945 2632 modo
971 2565 1169 2651 Ἀλμέοινα,
1197 2565 1292 2629 modo
1309 2564 1410 2626 filium

266 2663 475 2754 “Αλμι’ωνος,
495 2670 589 2734 modo
609 2666 711 2760 χολὴν
732 2674 962 2758 appellarunt,
976 2693 1034 2734 nec
1056 2671 1221 2733 mollitiem
1241 2671 1274 2731 in
1297 2668 1413 2730 fabulis

269 2777 335 2862 pius
357 2772 563 2851 invenerunt,
592 2794 649 2834 nec
677 2776 891 2851 teneritatem,
921 2775 1023 2855 qualis
1052 2775 1146 2852 vulgo
1166 2773 1199 2834 in
1225 2771 1412 2834 carminibus

270 2875 416 2952 exigitur.
459 2875 564 2938 Sclrol.
596 2875 635 2938 ad
666 2878 829 2959 Aristoph.
850 2880 911 2940 Av.
930 2879 1011 2954 2823
1033 2875 1122 2938 Suid.
1136 2897 1160 2938 s.
1174 2897 1206 2940 v·
1247 2878 1412 2939 Praetores

270 2969 407 3059 κορυιλὸς
434 2990 481 3039 est
512 2979 692 3041 nominatus
720 2979 819 3042 Arist.
848 2980 871 3039 l.
896 2981 924 3040 l.
954 2981 1048 3040 12⁹5.
1093 2975 1185 3053 Quod
1211 2998 1341 3052 nomeu,
1377 2989 1412 3038 ut

270 3097 366 3158 supra
387 3076 564 3156 docuimus,
595 3080 634 3143 de
654 3082 756 3144 forma
778 3083 858 3144 mals
879 3092 1040 3162 acceptum
1073 3092 1129 3144 est.
1178 3081 1257 3144 Nam
1276 3081 1413 3159 rectius,

270 3179 347 3262 quid
371 3181 420 3260 sit,
440 3184 543 3264 aperit
563 3183 654 3246 nobis
673 3183 880 3263 proverbium
895 3202 946 3261 ap.
968 3181 1156 3260 Diogeniau.
1167 3183 1222 3259 Vl,
1244 3183 1302 3244 502
1323 3177 1413 3264 passi
1534 3201 1535 3208 ¹

271 3283 419 3349 Μουσῶν
440 3283 581 3366 κόρυδος
597 3284 653 3350 snt
672 3285 739 3348 cais
760 3276 973 3348 ἀπαιδεύτων
991 3283 1275 3368 πεπαιδευμένοις
1289 3281 1415 3352 ουνέν-
1534 3311 1535 3334 ο

271 3403 346 3445 οων.
377 3381 425 3444 cf.
446 3383 629 3444 Leutsch.
652 3381 692 3446 ad
710 3385 775 3447 h.l.
792 3397 824 3446 et
841 3387 960 3448 Zenob.
984 3387 1044 3465 lll,
1066 3387 1124 3450 ⁷⁷:
1145 3391 1182 3452 ἐκ
1203 3381 1268 3470 γὰρ
1298 3381 1414 3470 sipiani-

271 3498 357 3552 οοις·
384 3485 439 3549 καλ
463 3483 599 3569 κορυδὸς
617 3479 772 3572 (κύκνου)
792 3483 953 3575 ¹psis'yrsa'
982 3484 1182 3575 ἀοιδόκιρος.
1213 3493 1414 3554 Valckan.

272 3580 312 3643 ad
331 3582 439 3665 Eurip.
467 3586 597 3668 Hippol.
618 3592 694 3652 986.
742 3589 820 3668 Sed,
851 3593 995 3676 quamvis
1023 3613 1116 3674 saepe
1144 3595 1340 3678 multumque
1367 3594 1415 3656 si·

272 3695 452 3765 superatus,
474 3692 618 3754 nonnihil
639 3693 796 3770 excelluit,
815 3705 851 3754 ut
872 3694 989 3774 partim
1009 3715 1051 3756 ex
1072 3715 1204 3757 numero
1227 3697 1415 3772 fabularum,

272 3788 388 3869 partim
411 3811 451 3858 ex
470 3795 621 3858 acerrima
643 3796 790 3860 irrisione
819 3798 1010 3860 comicorum
1037 3796 1172 3876 intelligi
1201 3811 1315 3878 potest.
1366 3797 1416 3860 Ad

273 3911 367 3972 quam
396 3912 462 3956 rem
486 3895 683 3974 judicandam
710 3901 842 3965 victoria
863 3903 963 3978 ualet,
991 3901 1031 3962 de
1059 3901 1216 3982 Sophocle
1230 3913 1416 3982 reportata,
1444 3943 1454 3954 a

272 4001 357 4074 cujus
395 4002 583 4067 mentionem
620 4019 747 4087 praeter
782 4006 1008 4068 Dicaearchum
1052 4007 1125 4067 lacit
1157 4005 1312 4069 Aristides
1343 4003 1416 4066 adv.

270 4098 393 4162 Platon.
414 4105 529 4168 XLVI.
550 4108 637 4170 Τ.’Π.
659 4111 816 4189 pagt334,
839 4109 1034 4186 exprobrans
1053 4109 1307 4184 Atheniensibus,
1329 4104 1415 4188 quod

270 4199 441 4264 Philoclem
463 4209 717 4289 praeposuissent
737 4209 903 4289 Sophocli,
930 4231 1024 4292 quem
1043 4231 1082 4272 ne
1094 4212 1266 4292 Aeschylus
1288 4206 1417 4292 quidem

271 4321 418 4380 superare
440 4311 605 4387 potuisset.
648 4313 682 4370 lu
702 4331 766 4393 quo
788 4331 900 4390 magna
920 4312 1001 4375 inest
1024 4313 1226 4393 contemptio.
1266 4309 1330 4374 Sed
1346 4309 1420 4371 Ari·

271 4401 366 4464 stides
392 4409 488 4486 magis
518 4422 672 4490 spectatas
700 4413 852 4495 principis
874 4413 982 4478 laudes
1005 4415 1145 4491 videtur,
1178 4437 1273 4496 quam
1296 4414 1419 4478 fabulas
