3076 4998
758 281 836 359 214

239 473 465 539 contendimus.
512 471 592 536 Nam
616 493 686 534 cum
708 457 836 535 nomina
857 469 1033 534 iahnlarnm
1053 471 1094 532 ah
1115 467 1172 530 ilio
1196 465 1274 530 dnce
1296 487 1382 530 com·

237 589 409 642 memorata
425 577 552 655 rciernt,
574 575 634 636 alis
655 575 783 655 omittit,
804 595 885 659 qnae
902 585 1027 655 poteret
1041 569 1168 635 aliunde
1185 589 1381 651 cognoscere.

239 677 350 744 Suidss
372 699 449 742 uero
471 679 537 745 των
563 674 745 762 δραμάτων
767 667 876 745 euvoti
898 681 967 743 ἐστι
986 676 1113 742 ταῦτα·
1127 665 1131 672 ’
1147 671 1384 758 Τραυματίαα,

239 782 283 859 eie
302 773 492 867 Ἀθηναῖός
513 803 616 865 φησιν
642 771 789 864 Οιίριύα,
816 777 1052 864 Ἀλφεσιβοία,
1072 773 1281 856 Κένταυρος,
1302 771 1383 840 Διό·
1460 774 1470 790 “

239 911 353 965 oenoe,
374 877 574 960 .’Oduooesic‚
604 881 765 967 Θυέστης,
795 875 943 948 Μινύαι.
995 876 1137 954 Quocum
1157 873 1296 940 Endo'cia
1316 877 1340 937 l.
1361 877 1383 939 1.

240 990 334 1070 pians
355 984 519 1049 consentit.
562 983 710 1048 Omnium
732 984 870 1065 primum
890 1001 951 1064 pro
973 974 1115 1064 Oripasic,
1135 980 1288 1042 Athenaei
1301 981 1383 1044 xttt

241 1113 273 1174 p.
291 1091 406 1154 600A
434 1088 517 1168 fide,
548 1081 674 1160 Οἰνεύς
695 1086 900 1149 restituimus.
949 1077 1064 1149 omisit
1083 1079 1156 1161 ¹105,
1185 1083 1322 1145 fabulam
1343 1079 1383 1144 ah

241 1195 404 1258 Athenaeo
424 1193 510 1256 XIII.
538 1211 572 1271 p.
593 1191 657 1252 608
681 1181 908 1250 D‘lsudatam.
966 1181 1034 1250 Nec
1061 1184 1270 1266 tragoediam,
1302 1205 1384 1269 quae

240 1287 417 1382 Ἀχιλλεύς
449 1284 712 1375 Θερσιτοιιτόνος
738 1283 889 1372 inscripta
915 1289 994 1368 tuit,
1025 1288 1075 1350 iiii
1099 1307 1232 1350 numero
1251 1286 1385 1366 eddidit,

241 1395 391 1470 sivenon
413 1405 545 1458 noverat
570 1391 757 1472 Stohacum,
786 1393 853 1457 sive
873 1411 939 1454 non
959 1392 1084 1458 vocavit
1104 1393 1138 1452 in
1160 1411 1259 1453 nsum.
1301 1391 1386 1454 Nam

242 1498 384 1563 versibus
412 1518 453 1559 cx
481 1516 519 1558 eo
548 1495 656 1576 petitis
686 1517 737 1578 ap.
760 1495 850 1560 Stob.
868 1496 974 1576 Eclog.
992 1497 1050 1556 Ph.
1069 1495 1095 1572 I,
1117 1496 1147 1574 7,
1168 1496 1189 1558 t
1209 1493 1248 1577 (1,
1269 1489 1311 1557 10
1334 1493 1387 1557 ed.

243 1599 352 1685 Heer.)
372 1601 406 1662 in
426 1597 517 1662 libris
539 1597 736 1682 quibusdam,
755 1617 836 1682 qnos
857 1598 1087 1661 Heereniua
1108 1598 1207 1660 literis
1228 1600 1270 1660 V.
1290 1600 1327 1661 A.
1347 1599 1385 1659 E.

243 1703 408 1782 distinxit,
428 1721 542 1766 nomen
564 1698 742 1797 Ἀχιλλέως
765 1697 991 1786 oppressione
1011 1698 1203 1781 adscriptum
1226 1711 1282 1763 est.
1323 1701 1386 1764 Sed

244 1806 450 1870 Canterns
479 1806 631 1888 praetulit
656 1805 822 1868 lectionem
853 1803 1037 1887 Χαίρημσς
1063 1795 1242 1890 Ἀχιλλέως
1269 1810 1387 1890 dspos-

244 1903 431 1990 τσιιτίνοσ,
460 1927 480 1970 e
510 1907 600 1972 libris
629 1909 780 1990 petitam,
811 1918 866 1968 aut
895 1911 1072 1982 conjecturo
1098 1906 1294 1984 restitutam,
1323 1927 1387 1989 qun

244 2011 369 2091 primns
400 2009 539 2095 correxit
571 2012 716 2088 titulum,
755 2030 849 2093 quem
882 2006 1112 2069 Heerenins
1143 2027 1163 2069 s
1195 2007 1386 2071 Fabricio

245 2111 444 2176 emendatum
475 2133 541 2174 ease
571 2113 730 2194 opinatur.
782 2111 856 2174 Non
884 2106 1011 2186 dubito,
1041 2109 1118 2192 quin
1144 2109 1252 2174 endem
1280 2112 1387 2174 fabule

247 2216 412 2306 Θερσίτης
433 2216 618 2298 simpliciter
639 2196 790 2297 inscripta
810 2213 915 2276 inerit.
958 2212 1039 2275 Nam
1059 2209 1147 2274 Suid.
1168 2233 1192 2277 s.
1209 2235 1241 2276 v.
1262 2209 1305 2288 sic
1326 2209 1387 2302 οὐχ

245 2311 419 2408 ύπσίρχων,
442 2313 527 2387 σίλλύ
549 2313 816 2402 τιμωρούμενος,
840 2314 950 2399 ὥσπερ
969 2314 1149 2400 παροιμία.
1178 2312 1330 2403 ὀστίχος
1346 2314 1388 2380 δέ

245 2426 315 2488 ἐστι
331 2413 560 2506 Χαιρήμονος
580 2423 615 2486 in
638 2420 813 2504 Θερσίτου.
856 2414 957 2494 Quem
978 2437 1113 2496 veressus,
1135 2439 1154 2478 a
1172 2418 1313 2479 Ζσαοοίο
1329 2418 1385 2496 vt,

246 2527 286 2588 51
309 2521 486 2586 Menandro
508 2521 716 2602 adscriptum,
735 2521 914 2582 Athenaeus
936 2518 1018 2583 xttt.
1039 2542 1070 2602 p.
1086 2524 1150 2582 012
1166 2521 1193 2583 Ε
1212 2522 1386 2582 Aristarchi

246 2646 312 2690 esse
338 2638 481 2689 testatur.
531 2626 760 2704 Argumentum
784 2623 962 2704 tragoedico
984 2625 1065 2705 epici
1085 2633 1195 2706 poe'tae
1213 2624 1385 2685 illustrant.

245 2727 295 2791 cf.
317 2729 425 2792 Tnetz.
447 2729 553 2792 Posth.
578 2727 650 2789 190.
683 2719 803 2803 Quint.
822 2726 928 2792 (isich.
950 2727 973 2806 1,
991 2729 1064 2790 710.
1089 2763 1133 2776 -
1166 2727 1385 2806 Fragmentum

245 2815 549 2913 Alphesiboeae
571 2831 666 2892 habet
688 2831 804 2893 Athen.
825 2832 910 2894 Xlll.
932 2852 964 2912 p.
984 2835 1048 2894 608
1070 2833 1112 2892 D.
1133 2865 1178 2880 -
1217 2831 1389 2894 Centau·

246 2955 330 2997 rum
351 2945 480 3018 practer
500 2934 695 2998 Athenaeum
718 2933 801 2995 Xill.
824 2955 857 3014 p.
874 2935 938 3017 008
959 2934 995 3012 Ε,
1017 2932 1146 2998 Suidam
1167 2955 1193 2996 a.
1212 2955 1259 3013 v.‚
1282 2933 1389 2998 Eudo·

247 3037 326 3098 ciam
347 3038 406 3100 l.l.
449 3036 637 3099 Aristotcles
658 3037 783 3098 Po'et.2
805 3047 975 3098 memorat:
996 3033 1121 3120 ὁμοίως
1142 3036 1179 3105 di
1200 3033 1266 3104 ses
1285 3039 1319 3103 si
1335 3061 1388 3112 τις

246 3135 386 3207 ἅπαντα
408 3133 451 3206 τοί
476 3139 583 3225 μίτρα
605 3133 761 3224 μιγνύων
782 3148 927 3206 ιιοιοῑιο
944 3131 1009 3222 τῆν
1030 3138 1199 3224 μίμησιν,
1228 3131 1387 3224 καθάπερ

247 3237 437 3325 Χαιρήμων
461 3240 597 3325 ἐποίησα
621 3240 841 3322 Κένταυρον,
873 3241 1000 3325 uiuam
1023 3239 1196 3329 ῥαψῳδίαν
1217 3233 1389 3320 dicistis·-

247 3367 313 3410 των
342 3345 412 3409 cuin
440 3342 594 3426 μέτρων,
629 3335 689 3406 oris
723 3339 788 3426 ἤδη
823 3343 879 3409 sni
910 3335 1058 3427 ποιητὴν
1091 3335 1389 3428 ωρσσανσρεοιέον.

246 3443 420 3505 Particulse
441 3441 499 3512 ούιι
517 3439 593 3526 ἤδη,
615 3464 693 3525 ques
714 3435 851 3508 editores
870 3443 943 3506 inde
965 3445 1005 3505 ab
1026 3443 1110 3508 Atto
1131 3457 1258 3526 praeter
1279 3445 1389 3506 Grae·

248 3544 483 3605 ienhnninm
509 3555 541 3604 et
561 3546 764 3608 Ritternm
787 3560 987 3628 receperunt,
1008 3548 1042 3608 in
1057 3549 1183 3610 ‘cunctis
1205 3547 1316 3610 desunt
1335 3565 1386 3606 co·

247 3643 384 3722 uicibus,
414 3663 493 3726 qnos
515 3647 741 3727 Bekkerns,
769 3650 957 3727 Bnhlins,
986 3650 1221 3730 Burgesins,
1245 3639 1389 3712 Morei-

247 3748 344 3827 lina,
372 3748 603 3828 Victorius,
634 3751 932 3828 WinstenleJns
960 3737 1172 3816 contulerunt.
1223 3755 1323 3816 Porro
1350 3749 1389 3813 li·

247 3853 339 3914 bruna
362 3852 479 3914 calamo
501 3863 663 3916 excretum
685 3853 882 3934 ignoramus,
914 3854 991 3936 quin
1021 3854 1050 3916 is
1078 3849 1234 3941 μιγνύων
1256 3866 1387 3922 ποιοῖτο

246 3951 310 4040 τὴν
332 3953 480 4039 μίμησιν
508 3956 631 4020 habent.
671 3957 881 4040 Philosophus
905 3969 939 4017 ut
966 3946 1110 4018 nstnrsm
1131 3958 1235 4039 poesis
1262 3958 1296 4018 in
1319 3955 1389 4018 imi·

247 4057 366 4118 tatione
388 4057 479 4122 sitam
500 4077 568 4120 esse
590 4070 699 4120 contre
720 4077 773 4122 eos
795 4059 946 4137 obtinent,
967 4057 1023 4142 qui
1044 4059 1124 4122 nihii
1145 4057 1259 4120 dehere
1283 4059 1388 4140 potins

248 4177 313 4219 case
336 4159 438 4240 poe‘tis
460 4159 649 4241 opinentur,
672 4181 765 4243 quem
788 4172 824 4223 nt
843 4159 952 4223 metris
975 4155 1123 4239 utantur,
1144 4155 1321 4222 illos'adeo
1343 4159 1390 4222 in·

233 4257 352 4322 dolem
372 4260 476 4343 potiris
500 4263 676 4342 intelligere
698 4273 807 4342 negat,
840 4274 893 4343 ut,
922 4263 1063 4347 quinon
1090 4261 1248 4341 imitetur,
1276 4270 1388 4344 poe'tee

248 4362 374 4426 nomine
395 4383 458 4426 non
481 4366 520 4428 sit
541 4363 710 4446 ornandus,
733 4387 787 4430 seu
808 4389 905 4432 unum
925 4368 1018 4431 metri
1037 4387 1135 4451 genus
1156 4365 1314 4446 adhibeat,
1335 4387 1389 4430 scu
