3044 4982
591 354 593 360 ’
688 345 754 394 vl1

138 499 227 578 Quae
250 497 380 582 quidem
399 501 505 583 oper'n
526 503 626 584 ratio,
639 525 705 588 quo
720 507 835 580 rectius
855 525 1066 594 cognoscatur,
1088 511 1128 578 de
1143 517 1283 585 fontibus

138 624 173 666 ac
192 601 364 684 praesidiis
381 604 513 686 ¹copiose
524 609 625 678 ¹uobis
643 607 808 675 dicendum
829 627 878 678 est
894 615 940 701 Ι)..

224 709 262 770 ln
288 708 426 770 summis*
446 709 639 777 Graecorum
657 713 812 780 ‚laudibus
838 720 983 800 ponitur,
1017 721 1103 806 quod
1128 724 1281 790 rationem

140 811 304 872 literarum
326 811 521 895 artiumque,
551 837 629 899 quas
657 821 866 886 monumentis
893 837 1046 886 ornarunt
1070 827 1163 906 longe
1192 853 1284 911 prae·

139 913 349 992 uastissimis,
369 927 434 978 tam
455 938 530 981 vere
550 930 676 1004 tamque
699 923 781 988 clare
800 923 1010 1005 illustrarunt,
1030 940 1075 1007 ut,
1094 932 1150 1013 qui
1171 933 1282 998 iisdem

138 1019 233 1078 rebus
252 1017 394 1095 student,
410 1039 521 1084 omnes
542 1043 606 1086 non
622 1023 718 1088 modo
741 1047 969 1107 apameorum
990 1036 1208 1114 contemplari,
1226 1037 1284 1100 sed

139 1131 307 1200 praecepta
335 1141 462 1204 quoqne
488 1122 648 1190 addiscere
674 1127 817 1192 debeant.
859 1127 964 1207 Quare
984 1153 1025 1196 ne
1045 1135 1116 1216 quis
1137 1136 1281 1218 miretur,

141 1221 217 1304 quid
237 1222 288 1300 sit,
308 1222 396 1304 quod
416 1223 507 1288 inter
521 1227 765 1293 comaediamet
784 1232 977 1314 tragoediam
999 1247 1120 1300 nutura
1136 1239 1194 1300 hoc
1212 1241 1282 1304 uin-

140 1326 242 1388 culum
264 1327 372 1405 suerit,
392 1340 428 1390 ut
447 1329 503 1394 illa
525 1332 624 1394 facete
644 1335 818 1415 castigaret,
837 1337 866 1398 si
885 1337 961 1420 quid
985 1337 1055 1402 vitii
1074 1341 1208 1403 alterurn
1228 1365 1281 1422 ge-

139 1447 197 1488 nus
216 1429 371 1493 traxisset.
413 1432 516 1497 Multa
535 1435 683 1515 igiturvin
700 1440 917 1522 Aristophanis
937 1441 1179 1523 fabulislatent,
1199 1467 1281 1529 quus

138 1530 227 1592 nohis
250 1531 283 1592 io
305 1553 398 1609 usum
420 1535 559 1608 vocanda
580 1553 671 1620 sunt3
698 1543 759 1609 alis
780 1543 835 1604 alii
855 1543 964 1608 comici
985 1545 1183 1626 hahuerunt,
1199 1570 1279 1631 quo-

137 1653 209 1696 rnm
234 1636 357 1698 fabulae
375 1639 558 1720 perierunt.
606 1643 698 1720 Quod
720 1646 855 1728 primum
876 1649 1011 1714 fontium
1033 1671 1130 1731 genus
1151 1652 1279 1729 agnovit

138 1736 317 1800 Athenaeus
337 1739 491 1821 lupuli:
511 1739 763 1834 Ἀριστοφάνης
782 1752 870 1836 γοῦν
888 1747 998 1836 (nupsi
1021 1753 1058 1820 dl
1082 1765 1153 1828 τοῖς
1172 1777 1281 1836 aupa-

140 1851 211 1914 κοῖς
240 1837 265 1922 ἦ
295 1844 464 1926 arnissis
493 1853 659 1932 τραγικῶν
689 1845 866 1920 ἀπόκειται
896 1853 1023 1937 niorto)
1052 1867 1142 1920 uersi
1170 1849 1279 1920 αὐτὸν

142 1938 310 2028 Αἰσχύλον
332 1945 475 2030 ie'yonso
497 1972 528 2014 a.
541 1973 571 2013 τ.
584 1953 614 2016 λ.
658 1949 745 2026 Quos
763 1964 868 2014 autem
886 1954 1112 2034 Aristophanes
1125 1954 1278 2036 perstrin-

137 2045 196 2124 git,
218 2064 326 2109 eornm
349 2047 469 2130 duplex
489 2062 536 2114 est
557 2073 668 2132 genus,
692 2066 728 2114 ut
752 2055 820 2134 ipsa
841 2054 997 2118 irrisionis
1018 2056 1116 2134 ratio,
1140 2077 1203 2139 qua
1224 2077 1278 2120 eos

137 2148 311 2211 cavillatur.
354 2151 435 2217 Nam
457 2173 528 2214 cum
551 2154 585 2215 in
608 2154 689 2234 illis,
711 2155 781 2238 qui,
809 2156 937 2239 aliquod
959 2176 1074 2218 nomen
1095 2156 1218 2239 adepti,
1243 2160 1279 2240 in

136 2251 247 2331 populi
266 2255 406 2318 favorem
422 2269 592 2338 ¹inseruerant,
612 2259 769 2338 agitandis
789 2261 923 2322 multum
947 2271 1090 2324 versetur
1110 2258 1205 2340 idque
1225 2262 1277 2324 vel

137 2357 242 2436 possin
267 2378 391 2436 mrum,
414 2362 465 2423 vel
485 2359 582 2424 uitam
601 2382 767 2446 moresque
789 2385 937 2446 carpens,
957 2363 1045 2442 aliis,
1072 2383 1206 2446 quorum
1225 2381 1276 2424 ars
1348 2403 1356 2412 -

4 2505 6 2512 .
136 2460 437 2537 paulloobscurior
456 2465 788 2546 atquecontemptior
809 2478 906 2544 esset,
936 2486 1029 2548 quem
1051 2485 1131 2547 quse
1151 2465 1277 2546 publice

5 2600 9 2614 ·
137 2563 327 2642 reprehendi
351 2564 496 2644 deberet,
527 2586 630 2631 mores
658 2571 845 2650 exprobrat,
877 2567 1075 2634 audientibus
1103 2564 1134 2628 id
1150 2565 1277 2631 ultius

137 2663 327 2746 relinquens,
346 2679 384 2727 ut
404 2665 444 2728 de
459 2667 571 2730 fabulis
592 2668 775 2750 judicarent,
796 2691 874 2755 quus
894 2669 1074 2734 homunculi
1096 2669 1174 2734 talea
1194 2687 1277 2730 com·

136 2787 252 2848 ponere
285 2783 423 2848 poscens.
479 2773 515 2833 ln
552 2793 615 2855 quo
648 2773 784 2836 comicus
815 2773 1002 2837 'senteutiam
1037 2772 1208 2852 Agathonis
1241 2772 1275 2834 iu

135 2872 327 2954 Thesmoph.
348 2878 429 2937 rso:
462 2905 487 2934 ι.
578 2903 581 2912 ’
737 2883 757 2931 l
870 2927 872 2934 ,

262 2967 325 3064 χρὴ
345 2974 411 3060 γὰρ
432 2972 579 3061 ποιητήν
599 2975 709 3060 ἄνδρα
731 2973 879 3061 apicati
903 2972 1082 3062 δράματα,

263 3073 286 3143 ii
307 3077 506 3156 dat-nescis,
528 3070 612 3160 πρὸς
633 3081 744 3146 ταῦτα
765 3073 847 3152 τούς
868 3072 1017 3160 τρόπους
1036 3082 1127 3163 ἔχειν
1217 3143 1218 3148 ,

134 3179 203 3259 ipsc
216 3179 370 3261 seqttitm.
412 3177 623 3256 Quamobrem
640 3178 818 3244 comoediae
836 3180 901 3256 eius
918 3174 1084 3255 vituperiis
1105 3175 1275 3252 abundant,

136 3302 215 3365 quae
237 3281 271 3342 in
294 3283 500 3364 Aeschylum,
521 3283 725 3366 Sophoclem,
745 3280 928 3364 Euripidem
943 3277 1204 3360 ,Agathonemque
1226 3277 1275 3338 fu-

23 3411 26 3420 ·
137 3383 194 3446 dit.
236 3383 302 3446 Sed
320 3389 516 3468 nequaquem
537 3387 592 3449 illo
613 3406 743 3468 prorsus
763 3381 989 3448 contemnende
1010 3392 1100 3460 sunt,
1132 3401 1212 3463 quae
1234 3379 1274 3444 de

136 3488 241 3571 altero
264 3506 379 3565 genere
408 3490 535 3560 breuius
562 3503 679 3553 monet.
721 3488 931 3570 Quaecunque
952 3485 1036 3548 enim
1056 3483 1096 3548 de
1117 3485 1274 3562 Ascalone,

136 3589 276 3667 Dorillo,
297 3591 621 3675 Meleto,lllorycho,
641 3591 774 3675 aliisque
792 3591 909 3671 scripta
933 3587 1119 3669 reperimus,
1139 3589 1179 3650 ab
1202 3589 1273 3650 Ari·

136 3695 289 3774 stephane
310 3695 475 3776 explicata,
494 3698 547 3760 vel
566 3697 606 3758 ab
625 3696 664 3758 iis
681 3696 746 3758 lere
762 3705 836 3756 sunt
856 3691 981 3768 tradita,
1000 3691 1056 3775 qui
1072 3691 1192 3754 fabulas
1210 3697 1275 3769 eius

139 3796 347 3859 illustrarunt.
391 3797 576 3883 Quanquam
604 3799 643 3860 de
671 3797 734 3860 lide
762 3793 981 3878 Aristophanis
1011 3794 1191 3874 ambigunt,
1220 3794 1274 3855 alii

138 3901 188 3963 vel
208 3901 312 3961 omnia
334 3921 416 3979 eum,
436 3905 487 3965 vel
504 3904 640 3986 plurima
656 3902 695 3965 ad
714 3901 879 3965 veritatem
894 3897 1092 3978 expressisse,
1111 3896 1165 3958 alii
1177 3897 1275 3957 multa

137 4001 278 4064 licentiae
298 4004 401 4085 poesis
420 4006 565 4070 tribuisse
581 4005 763 4084 judicantes·
804 4001 869 4066 Nos
887 4019 973 4078 vero,
994 4015 1195 4087 posteaquam
1211 4000 1274 4062 sin·

207 4243 239 4312 1)
257 4243 425 4316 Quanquam
446 4243 599 4314 deperditos
622 4245 710 4298 lentes
728 4242 777 4298 alii
793 4250 1056 4301 commemorarunt,
1081 4243 1110 4310 nt
1133 4229 1276 4284 densius
1339 4237 1343 4252 ’

137 4330 164 4383 in
182 4330 249 4385 tlbt.
265 4331 441 4402 Scriptum„
466 4332 679 4401 Fabricius,-
691 4330 817 4388 Bibliotl.
834 4329 883 4386 Gr.
901 4326 935 4382 Τ.
949 4327 982 4391 ΙΙ,
1005 4318 1204 4378 Meiaalius
1220 4318 1238 4372 l,
1259 4315 1276 4370 t:

139 4436 165 4488 p.
183 4423 200 4474 b
218 4430 281 4476 etc«
307 4417 518 4485 Welclserua
533 4417 615 4492 'l'rap
633 4419 683 4476 Gr.
701 4420 731 4474 P.
749 4419 769 4473 1.
789 4439 816 4490 p.
833 4420 876 4474 ⁹3.
909 4454 911 4463 ·
