<?xml version="1.0" encoding="UTF-8"?>
<!DOCTYPE html PUBLIC "-//W3C//DTD XHTML 1.0 Transitional//EN"
    "http://www.w3.org/TR/xhtml1/DTD/xhtml1-transitional.dtd">
<html xmlns="http://www.w3.org/1999/xhtml" xml:lang="en" lang="en">
 <head>
  <title>
</title>
<meta http-equiv="Content-Type" content="text/html;charset=utf-8" />
  <meta name='ocr-system' content='tesseract 3.04.00' />
  <meta name='ocr-capabilities' content='ocr_page ocr_carea ocr_par ocr_line ocrx_word'/>
</head>
<body>
  <div class='ocr_page' id='page_1' title='image "./historiacritica01kaysgoog_0226.png"; bbox 0 0 3076 4998; ppageno 0'>
   <div class='ocr_carea' id='block_1_1' title="bbox 745 324 855 406">
    <p class='ocr_par' dir='ltr' id='par_1_1' title="bbox 745 324 855 406">
     <span class='ocr_line' id='line_1_1' title="bbox 745 324 855 406; baseline 0.036 -4"><span class='ocrx_word' id='word_1_1' title='bbox 745 324 855 406; x_wconf 38' lang='lat'><strong>1184</strong></span> 
     </span>
    </p>
   </div>
   <div class='ocr_carea' id='block_1_2' title="bbox 244 511 1395 1014">
    <p class='ocr_par' dir='ltr' id='par_1_2' title="bbox 244 511 1395 1014">
     <span class='ocr_line' id='line_1_2' title="bbox 248 511 1394 600; baseline -0.007 -14"><span class='ocrx_word' id='word_1_2' title='bbox 248 520 324 600; x_wconf 85' lang='lat' dir='ltr'><strong>lits,</strong></span> <span class='ocrx_word' id='word_1_3' title='bbox 346 539 417 584; x_wconf 89' lang='lat' dir='ltr'><strong>cum</strong></span> <span class='ocrx_word' id='word_1_4' title='bbox 437 516 465 580; x_wconf 87' lang='lat' dir='ltr'><strong>is</strong></span> <span class='ocrx_word' id='word_1_5' title='bbox 485 526 517 580; x_wconf 84' lang='lat' dir='ltr'><strong>et</strong></span> <span class='ocrx_word' id='word_1_6' title='bbox 536 513 613 580; x_wconf 84' lang='lat' dir='ltr'><strong>dues</strong></span> <span class='ocrx_word' id='word_1_7' title='bbox 633 513 769 579; x_wconf 87' lang='lat' dir='ltr'><strong>nominis</strong></span> <span class='ocrx_word' id='word_1_8' title='bbox 793 513 1071 595; x_wconf 82' lang='lat' dir='ltr'><strong>formaspauliom</strong></span> <span class='ocrx_word' id='word_1_9' title='bbox 1093 511 1306 596; x_wconf 76' lang='lat' dir='ltr'><strong>discrepantm</strong></span> <span class='ocrx_word' id='word_1_10' title='bbox 1326 536 1394 578; x_wconf 89' lang='lat' dir='ltr'><strong>me·</strong></span> 
     </span>
     <span class='ocr_line' id='line_1_3' title="bbox 247 616 1393 704; baseline -0.005 -16"><span class='ocrx_word' id='word_1_11' title='bbox 247 636 350 688; x_wconf 89' lang='lat' dir='ltr'><strong>moret</strong></span> <span class='ocrx_word' id='word_1_12' title='bbox 378 635 410 686; x_wconf 88' lang='lat' dir='ltr'><strong>et</strong></span> <span class='ocrx_word' id='word_1_13' title='bbox 439 623 570 684; x_wconf 76' lang='lat' dir='ltr'><strong>alteram</strong></span> <span class='ocrx_word' id='word_1_14' title='bbox 597 620 692 682; x_wconf 83' lang='lat' dir='ltr'><strong>illem.</strong></span> <span class='ocrx_word' id='word_1_15' title='bbox 710 619 871 704; x_wconf 76' lang='lat' dir='ltr'><strong>spsuypsoi</strong></span> <span class='ocrx_word' id='word_1_16' title='bbox 888 639 920 680; x_wconf 84' lang='grc' dir='ltr'><strong>,ο</strong></span> <span class='ocrx_word' id='word_1_17' title='bbox 948 618 1112 681; x_wconf 74' lang='lat' dir='ltr'>Demetrio</span> <span class='ocrx_word' id='word_1_18' title='bbox 1140 616 1270 700; x_wconf 78' lang='lat' dir='ltr'><strong>Scepsio</strong></span> <span class='ocrx_word' id='word_1_19' title='bbox 1297 630 1393 703; x_wconf 86' lang='lat' dir='ltr'><strong>alque</strong></span> 
     </span>
     <span class='ocr_line' id='line_1_4' title="bbox 248 717 1394 810; baseline -0.003 -18"><span class='ocrx_word' id='word_1_20' title='bbox 248 725 438 810; x_wconf 81' lang='lat' dir='ltr'><strong>Apollonide</strong></span> <span class='ocrx_word' id='word_1_21' title='bbox 451 723 568 789; x_wconf 86' lang='lat' dir='ltr'><strong>Nicaeo</strong></span> <span class='ocrx_word' id='word_1_22' title='bbox 592 724 758 805; x_wconf 73' lang='lat' dir='ltr'><strong>probatam</strong></span> <span class='ocrx_word' id='word_1_23' title='bbox 781 741 848 784; x_wconf 87' lang='lat' dir='ltr'><strong>ease</strong></span> <span class='ocrx_word' id='word_1_24' title='bbox 869 720 1049 784; x_wconf 82' lang='lat' dir='ltr'><strong>confirmet:</strong></span> <span class='ocrx_word' id='word_1_25' title='bbox 1072 720 1129 790; x_wconf 86' lang='grc' dir='ltr'><strong><em>ιιαλ</em></strong></span> <span class='ocrx_word' id='word_1_26' title='bbox 1150 717 1338 807; x_wconf 80' lang='grc' dir='ltr'><strong><em>φιλόσοφόν</em></strong></span> <span class='ocrx_word' id='word_1_27' title='bbox 1359 745 1394 788; x_wconf 82' lang='grc' dir='ltr'><strong>ιι</strong></span> 
     </span>
     <span class='ocr_line' id='line_1_5' title="bbox 247 817 1395 916; baseline -0.003 -20"><span class='ocrx_word' id='word_1_28' title='bbox 247 829 475 916; x_wconf 71' lang='grc' dir='ltr'><strong><em>αύχγραμμα,</em></strong></span> <span class='ocrx_word' id='word_1_29' title='bbox 502 821 564 894; x_wconf 78' lang='lat' dir='ltr'><strong>sis</strong></span> <span class='ocrx_word' id='word_1_30' title='bbox 597 817 776 910; x_wconf 70' lang='grc' dir='ltr'><strong><em>Τριαγμὸα</em></strong></span> <span class='ocrx_word' id='word_1_31' title='bbox 805 821 1082 911; x_wconf 73' lang='grc' dir='ltr'><strong><em>λιιιγριιφὸμινον</em></strong></span> <span class='ocrx_word' id='word_1_32' title='bbox 1103 867 1113 888; x_wconf 86' lang='lat'><strong>.</strong></span> <span class='ocrx_word' id='word_1_33' title='bbox 1135 829 1265 892; x_wconf 69' lang='lat' dir='ltr'><strong>...ss</strong></span> <span class='ocrx_word' id='word_1_34' title='bbox 1290 824 1395 899; x_wconf 78' lang='lat' dir='ltr'><strong>dsioso</strong></span> 
     </span>
     <span class='ocr_line' id='line_1_6' title="bbox 244 919 1395 1014; baseline -0.004 -16"><span class='ocrx_word' id='word_1_35' title='bbox 244 931 283 1014; x_wconf 77' lang='lat' dir='ltr'><strong>di</strong></span> <span class='ocrx_word' id='word_1_36' title='bbox 307 932 361 998; x_wconf 82' lang='lat' dir='ltr'><strong>sol</strong></span> <span class='ocrx_word' id='word_1_37' title='bbox 381 928 621 1014; x_wconf 69' lang='grc' dir='ltr'><strong>πληθυντικῶς</strong></span> <span class='ocrx_word' id='word_1_38' title='bbox 640 919 863 1012; x_wconf 68' lang='grc' dir='ltr'><strong>ἐπιγράφεται</strong></span> <span class='ocrx_word' id='word_1_39' title='bbox 886 927 1069 1014; x_wconf 74' lang='grc' dir='ltr'><strong><em>Τριαγμολ,</em></strong></span> <span class='ocrx_word' id='word_1_40' title='bbox 1089 921 1185 994; x_wconf 72' lang='lat' dir='ltr'><strong>relisi</strong></span> <span class='ocrx_word' id='word_1_41' title='bbox 1202 919 1395 1012; x_wconf 71' lang='grc' dir='ltr'><strong><em>Δημήτριος</em></strong></span> 
     </span>
    </p>
   </div>
   <div class='ocr_carea' id='block_1_3' title="bbox 236 1021 1432 2759">
    <p class='ocr_par' dir='ltr' id='par_1_3' title="bbox 236 1021 1432 2759">
     <span class='ocr_line' id='line_1_7' title="bbox 248 1021 1394 1122; baseline -0.01 -23"><span class='ocrx_word' id='word_1_42' title='bbox 248 1030 266 1100; x_wconf 84' lang='grc' dir='ltr'>ὁ</span> <span class='ocrx_word' id='word_1_43' title='bbox 290 1029 439 1117; x_wconf 72' lang='grc' dir='ltr'><strong><em>Σκήψιοι</em></strong></span> <span class='ocrx_word' id='word_1_44' title='bbox 463 1029 519 1099; x_wconf 79' lang='lat' dir='ltr'><strong>sci</strong></span> <span class='ocrx_word' id='word_1_45' title='bbox 535 1024 791 1112; x_wconf 70' lang='grc' dir='ltr'><strong>Ἀπολλωνίδης</strong></span> <span class='ocrx_word' id='word_1_46' title='bbox 812 1021 830 1094; x_wconf 82' lang='grc' dir='ltr'>ὅ</span> <span class='ocrx_word' id='word_1_47' title='bbox 853 1025 1020 1104; x_wconf 74' lang='grc' dir='ltr'><strong><em>Νιιιαιύι.</em></strong></span> <span class='ocrx_word' id='word_1_48' title='bbox 1061 1029 1122 1122; x_wconf 82' lang='lat' dir='ltr'><strong>iiic</strong></span> <span class='ocrx_word' id='word_1_49' title='bbox 1142 1048 1236 1106; x_wconf 81' lang='lat' dir='ltr'><strong>sero,</strong></span> <span class='ocrx_word' id='word_1_50' title='bbox 1264 1049 1333 1090; x_wconf 87' lang='lat' dir='ltr'><strong>cum</strong></span> <span class='ocrx_word' id='word_1_51' title='bbox 1353 1027 1394 1088; x_wconf 90' lang='lat' dir='ltr'><strong>li·</strong></span> 
     </span>
     <span class='ocr_line' id='line_1_8' title="bbox 246 1123 1393 1218; baseline -0.007 -20"><span class='ocrx_word' id='word_1_52' title='bbox 246 1137 305 1198; x_wconf 83' lang='lat' dir='ltr'><strong>ber</strong></span> <span class='ocrx_word' id='word_1_53' title='bbox 322 1131 578 1200; x_wconf 83' lang='lat' dir='ltr'><strong>Vratislsviensis</strong></span> <span class='ocrx_word' id='word_1_54' title='bbox 594 1124 633 1198; x_wconf 83' lang='lat' dir='ltr'><strong>so&#39;</strong></span> <span class='ocrx_word' id='word_1_55' title='bbox 647 1123 808 1216; x_wconf 68' lang='lat' dir='ltr'><strong>speraris</strong></span> <span class='ocrx_word' id='word_1_56' title='bbox 827 1151 888 1213; x_wconf 91' lang='lat' dir='ltr'><strong>pro</strong></span> <span class='ocrx_word' id='word_1_57' title='bbox 908 1125 971 1200; x_wconf 74' lang='grc' dir='ltr'><strong>τὸν</strong></span> <span class='ocrx_word' id='word_1_58' title='bbox 988 1129 1158 1218; x_wconf 77' lang='grc' dir='ltr'><strong><em>τριαγμόι</em></strong></span> <span class='ocrx_word' id='word_1_59' title='bbox 1179 1132 1302 1210; x_wconf 79' lang='lat' dir='ltr'><strong>hubert,</strong></span> <span class='ocrx_word' id='word_1_60' title='bbox 1324 1130 1393 1211; x_wconf 85' lang='lat' dir='ltr'><strong>ipse</strong></span> 
     </span>
     <span class='ocr_line' id='line_1_9' title="bbox 248 1232 1393 1314; baseline -0.003 -14"><span class='ocrx_word' id='word_1_61' title='bbox 248 1249 341 1302; x_wconf 88' lang='lat' dir='ltr'><strong>tenor</strong></span> <span class='ocrx_word' id='word_1_62' title='bbox 361 1236 550 1314; x_wconf 75' lang='lat' dir='ltr'><strong>sententiae,</strong></span> <span class='ocrx_word' id='word_1_63' title='bbox 584 1253 689 1300; x_wconf 80' lang='lat' dir='ltr'><strong>serem</strong></span> <span class='ocrx_word' id='word_1_64' title='bbox 717 1232 966 1298; x_wconf 72' lang='lat' dir='ltr'><strong>emendationem</strong></span> <span class='ocrx_word' id='word_1_65' title='bbox 994 1233 1029 1298; x_wconf 90' lang='lat' dir='ltr'><strong>iu</strong></span> <span class='ocrx_word' id='word_1_66' title='bbox 1058 1234 1226 1300; x_wconf 76' lang='lat' dir='ltr'><strong>norissima</strong></span> <span class='ocrx_word' id='word_1_67' title='bbox 1254 1233 1393 1298; x_wconf 79' lang='lat' dir='ltr'><strong>editione</strong></span> 
     </span>
     <span class='ocr_line' id='line_1_10' title="bbox 236 1333 1394 1422; baseline -0.003 -20"><span class='ocrx_word' id='word_1_68' title='bbox 236 1333 443 1422; x_wconf 77' lang='lat' dir='ltr'><strong>&#39;propositsm</strong></span> <span class='ocrx_word' id='word_1_69' title='bbox 463 1359 546 1416; x_wconf 89' lang='lat' dir='ltr'><strong>esse,</strong></span> <span class='ocrx_word' id='word_1_70' title='bbox 573 1335 693 1401; x_wconf 77' lang='lat' dir='ltr'><strong>suades</strong></span> <span class='ocrx_word' id='word_1_71' title='bbox 735 1337 809 1402; x_wconf 86' lang='lat' dir='ltr'><strong>Pari</strong></span> <span class='ocrx_word' id='word_1_72' title='bbox 833 1335 928 1401; x_wconf 90' lang='lat' dir='ltr'><strong>modo</strong></span> <span class='ocrx_word' id='word_1_73' title='bbox 952 1334 992 1400; x_wconf 89' lang='lat' dir='ltr'><strong>de</strong></span> <span class='ocrx_word' id='word_1_74' title='bbox 1020 1338 1173 1418; x_wconf 73' lang='lat' dir='ltr'><strong>scriptore</strong></span> <span class='ocrx_word' id='word_1_75' title='bbox 1200 1339 1291 1415; x_wconf 85' lang='lat' dir='ltr'><strong>hujus</strong></span> <span class='ocrx_word' id='word_1_76' title='bbox 1317 1337 1394 1398; x_wconf 86' lang='lat' dir='ltr'><strong>libri</strong></span> 
     </span>
     <span class='ocr_line' id='line_1_11' title="bbox 249 1437 1392 1524; baseline -0.005 -18"><span class='ocrx_word' id='word_1_77' title='bbox 249 1444 334 1506; x_wconf 85' lang='lat' dir='ltr'><strong>inter</strong></span> <span class='ocrx_word' id='word_1_78' title='bbox 361 1455 483 1508; x_wconf 77' lang='lat' dir='ltr'><strong>veteres</strong></span> <span class='ocrx_word' id='word_1_79' title='bbox 510 1461 621 1520; x_wconf 79' lang='lat' dir='ltr'><strong>magna</strong></span> <span class='ocrx_word' id='word_1_80' title='bbox 648 1437 801 1504; x_wconf 72' lang='lat' dir='ltr'><strong>dionensio</strong></span> <span class='ocrx_word' id='word_1_81' title='bbox 828 1439 900 1502; x_wconf 84' lang='lat' dir='ltr'><strong>tuit.</strong></span> <span class='ocrx_word' id='word_1_82' title='bbox 951 1439 1035 1506; x_wconf 84' lang='lat' dir='ltr'><strong>Nam</strong></span> <span class='ocrx_word' id='word_1_83' title='bbox 1064 1441 1123 1505; x_wconf 90' lang='lat' dir='ltr'><strong>etsi</strong></span> <span class='ocrx_word' id='word_1_84' title='bbox 1150 1440 1294 1524; x_wconf 83' lang='lat' dir='ltr'><strong>plerique</strong></span> <span class='ocrx_word' id='word_1_85' title='bbox 1320 1459 1392 1502; x_wconf 90' lang='lat' dir='ltr'><strong>eum</strong></span> 
     </span>
     <span class='ocr_line' id='line_1_12' title="bbox 248 1542 1393 1626; baseline -0.006 -16"><span class='ocrx_word' id='word_1_86' title='bbox 248 1545 319 1616; x_wconf 82' lang='lat' dir='ltr'><strong>loni</strong></span> <span class='ocrx_word' id='word_1_87' title='bbox 339 1543 488 1610; x_wconf 82' lang='lat' dir='ltr'><strong>sidentur</strong></span> <span class='ocrx_word' id='word_1_88' title='bbox 508 1543 724 1626; x_wconf 70' lang='lat' dir='ltr'><strong>adscriptione,</strong></span> <span class='ocrx_word' id='word_1_89' title='bbox 748 1555 784 1606; x_wconf 91' lang='lat' dir='ltr'><strong>ut</strong></span> <span class='ocrx_word' id='word_1_90' title='bbox 804 1542 910 1611; x_wconf 86' lang='lat' dir='ltr'><strong>omnis</strong></span> <span class='ocrx_word' id='word_1_91' title='bbox 929 1543 1108 1606; x_wconf 85' lang='lat' dir='ltr'><strong>testimonis</strong></span> <span class='ocrx_word' id='word_1_92' title='bbox 1129 1543 1202 1608; x_wconf 86' lang='lat' dir='ltr'><strong>satis</strong></span> <span class='ocrx_word' id='word_1_93' title='bbox 1222 1542 1393 1620; x_wconf 78' lang='lat' dir='ltr'><strong>declarant,</strong></span> 
     </span>
     <span class='ocr_line' id='line_1_13' title="bbox 248 1645 1393 1730; baseline -0.003 -20"><span class='ocrx_word' id='word_1_94' title='bbox 248 1659 353 1710; x_wconf 88' lang='lat' dir='ltr'><strong>tamen</strong></span> <span class='ocrx_word' id='word_1_95' title='bbox 374 1667 439 1712; x_wconf 89' lang='lat' dir='ltr'><strong>non</strong></span> <span class='ocrx_word' id='word_1_96' title='bbox 460 1646 637 1726; x_wconf 82' lang='lat' dir='ltr'><strong>defuerunt,</strong></span> <span class='ocrx_word' id='word_1_97' title='bbox 657 1646 714 1730; x_wconf 90' lang='lat' dir='ltr'><strong>qui</strong></span> <span class='ocrx_word' id='word_1_98' title='bbox 734 1645 774 1708; x_wconf 92' lang='lat' dir='ltr'><strong>de</strong></span> <span class='ocrx_word' id='word_1_99' title='bbox 789 1645 929 1728; x_wconf 72' lang='lat' dir='ltr'><strong>Epigene</strong></span> <span class='ocrx_word' id='word_1_100' title='bbox 951 1646 1135 1726; x_wconf 79' lang='lat' dir='ltr'><strong>cogitarent,</strong></span> <span class='ocrx_word' id='word_1_101' title='bbox 1152 1646 1330 1710; x_wconf 76' lang='lat' dir='ltr'><strong>callimach.</strong></span> <span class='ocrx_word' id='word_1_102' title='bbox 1340 1667 1393 1728; x_wconf 87' lang='lat' dir='ltr'><strong>ap.</strong></span> 
     </span>
     <span class='ocr_line' id='line_1_14' title="bbox 247 1741 1396 1840; baseline -0.001 -26"><span class='ocrx_word' id='word_1_103' title='bbox 247 1752 436 1834; x_wconf 84' lang='lat' dir='ltr'><strong>Harpocrst.</strong></span> <span class='ocrx_word' id='word_1_104' title='bbox 455 1772 481 1815; x_wconf 88' lang='lat' dir='ltr'><strong>a.</strong></span> <span class='ocrx_word' id='word_1_105' title='bbox 502 1773 534 1816; x_wconf 76' lang='lat' dir='ltr'><strong>v.</strong></span> <span class='ocrx_word' id='word_1_106' title='bbox 554 1747 735 1836; x_wconf 72' lang='grc' dir='ltr'><strong><em>ου’γγραμα</em></strong></span> <span class='ocrx_word' id='word_1_107' title='bbox 761 1792 771 1812; x_wconf 89' lang='lat'><strong>·</strong></span> <span class='ocrx_word' id='word_1_108' title='bbox 793 1791 803 1812; x_wconf 87' lang='lat'><strong>·</strong></span> <span class='ocrx_word' id='word_1_109' title='bbox 825 1789 865 1812; x_wconf 67' lang='grc' dir='ltr'><strong>ι.</strong></span> <span class='ocrx_word' id='word_1_110' title='bbox 894 1746 981 1833; x_wconf 78' lang='grc' dir='ltr'><strong>ὅπερ</strong></span> <span class='ocrx_word' id='word_1_111' title='bbox 1009 1749 1232 1840; x_wconf 73' lang='grc' dir='ltr'><strong>Καλλίμαχοι</strong></span> <span class='ocrx_word' id='word_1_112' title='bbox 1261 1741 1396 1816; x_wconf 70' lang='grc' dir='ltr'><strong><em>ἀντιλέ-</em></strong></span> 
     </span>
     <span class='ocr_line' id='line_1_15' title="bbox 248 1846 1398 1940; baseline -0.007 -19"><span class='ocrx_word' id='word_1_113' title='bbox 248 1854 372 1940; x_wconf 67' lang='grc' dir='ltr'><strong><em>νιοθολ</em></strong></span> <span class='ocrx_word' id='word_1_114' title='bbox 386 1877 505 1939; x_wconf 70' lang='grc' dir='ltr'><strong><em>φησιν,</em></strong></span> <span class='ocrx_word' id='word_1_115' title='bbox 524 1848 568 1928; x_wconf 80' lang='lat' dir='ltr'><strong>uir</strong></span> <span class='ocrx_word' id='word_1_116' title='bbox 586 1846 804 1938; x_wconf 78' lang='grc' dir='ltr'><strong><em>Ἐπιγέιαοι,</em></strong></span> <span class='ocrx_word' id='word_1_117' title='bbox 824 1864 879 1916; x_wconf 89' lang='lat' dir='ltr'><strong>aut</strong></span> <span class='ocrx_word' id='word_1_118' title='bbox 900 1849 1041 1933; x_wconf 86' lang='lat' dir='ltr'><strong>Orpheo.</strong></span> <span class='ocrx_word' id='word_1_119' title='bbox 1073 1851 1163 1918; x_wconf 82' lang='lat' dir='ltr'><strong>Suid.</strong></span> <span class='ocrx_word' id='word_1_120' title='bbox 1183 1873 1210 1916; x_wconf 89' lang='lat' dir='ltr'><strong>s.</strong></span> <span class='ocrx_word' id='word_1_121' title='bbox 1225 1873 1255 1919; x_wconf 77' lang='lat' dir='ltr'><strong>r.</strong></span> <span class='ocrx_word' id='word_1_122' title='bbox 1278 1851 1398 1914; x_wconf 84' lang='lat' dir='ltr'><strong>Endos.</strong></span> 
     </span>
     <span class='ocr_line' id='line_1_16' title="bbox 247 1953 1397 2039; baseline 0 -23"><span class='ocrx_word' id='word_1_123' title='bbox 247 1956 271 2018; x_wconf 91' lang='lat' dir='ltr'><strong>l.</strong></span> <span class='ocrx_word' id='word_1_124' title='bbox 293 1957 317 2020; x_wconf 92' lang='lat'><strong>1.</strong></span> <span class='ocrx_word' id='word_1_125' title='bbox 358 1955 427 2022; x_wconf 91' lang='grc' dir='ltr'><strong>Νοι</strong></span> <span class='ocrx_word' id='word_1_126' title='bbox 455 1956 553 2034; x_wconf 80' lang='lat' dir='ltr'><strong>igitur</strong></span> <span class='ocrx_word' id='word_1_127' title='bbox 578 1956 811 2035; x_wconf 84' lang='lat' dir='ltr'><strong>Bentlejum</strong></span> <span class='ocrx_word' id='word_1_128' title='bbox 834 1953 951 2039; x_wconf 87' lang='lat' dir='ltr'><strong>Opuac.</strong></span> <span class='ocrx_word' id='word_1_129' title='bbox 970 1977 1005 2037; x_wconf 81' lang='lat' dir='ltr'><strong>p.</strong></span> <span class='ocrx_word' id='word_1_130' title='bbox 1025 1959 1089 2022; x_wconf 78' lang='lat'><strong>509</strong></span> <span class='ocrx_word' id='word_1_131' title='bbox 1111 1957 1202 2021; x_wconf 79' lang='lat' dir='ltr'><strong>luciis</strong></span> <span class='ocrx_word' id='word_1_132' title='bbox 1226 1955 1397 2039; x_wconf 83' lang='lat' dir='ltr'><strong>sequimur,</strong></span> 
     </span>
     <span class='ocr_line' id='line_1_17' title="bbox 249 2058 1397 2142; baseline 0.001 -23"><span class='ocrx_word' id='word_1_133' title='bbox 249 2058 309 2120; x_wconf 81' lang='lat' dir='ltr'><strong>lsoc</strong></span> <span class='ocrx_word' id='word_1_134' title='bbox 331 2077 411 2139; x_wconf 90' lang='lat' dir='ltr'><strong>opus</strong></span> <span class='ocrx_word' id='word_1_135' title='bbox 432 2059 516 2124; x_wconf 86' lang='lat' dir='ltr'><strong>lonis</strong></span> <span class='ocrx_word' id='word_1_136' title='bbox 538 2059 632 2122; x_wconf 84' lang='lat' dir='ltr'><strong>fuisse</strong></span> <span class='ocrx_word' id='word_1_137' title='bbox 653 2060 859 2138; x_wconf 86' lang='lat' dir='ltr'><strong>arbitratum,</strong></span> <span class='ocrx_word' id='word_1_138' title='bbox 892 2058 1067 2122; x_wconf 72' lang='lat' dir='ltr'><strong>confirmati</strong></span> <span class='ocrx_word' id='word_1_139' title='bbox 1087 2079 1144 2139; x_wconf 87' lang='lat' dir='ltr'><strong>so,</strong></span> <span class='ocrx_word' id='word_1_140' title='bbox 1157 2111 1162 2122; x_wconf 91' lang='lat'>.</span> <span class='ocrx_word' id='word_1_141' title='bbox 1175 2059 1262 2142; x_wconf 89' lang='lat' dir='ltr'><strong>quod</strong></span> <span class='ocrx_word' id='word_1_142' title='bbox 1283 2059 1317 2122; x_wconf 92' lang='lat' dir='ltr'><strong>in</strong></span> <span class='ocrx_word' id='word_1_143' title='bbox 1339 2059 1397 2120; x_wconf 84' lang='lat' dir='ltr'><strong>hac</strong></span> 
     </span>
     <span class='ocr_line' id='line_1_18' title="bbox 249 2158 1414 2245; baseline 0.003 -23"><span class='ocrx_word' id='word_1_144' title='bbox 249 2158 405 2224; x_wconf 85' lang='lat' dir='ltr'><strong>sententia</strong></span> <span class='ocrx_word' id='word_1_145' title='bbox 427 2159 529 2224; x_wconf 87' lang='lat' dir='ltr'><strong>omnis</strong></span> <span class='ocrx_word' id='word_1_146' title='bbox 549 2161 719 2244; x_wconf 87' lang='lat' dir='ltr'><strong>antiquitas</strong></span> <span class='ocrx_word' id='word_1_147' title='bbox 739 2162 817 2240; x_wconf 87' lang='lat' dir='ltr'><strong>luit,</strong></span> <span class='ocrx_word' id='word_1_148' title='bbox 832 2182 948 2245; x_wconf 86' lang='lat' dir='ltr'><strong>nsque</strong></span> <span class='ocrx_word' id='word_1_149' title='bbox 969 2161 1025 2228; x_wconf 86' lang='lat' dir='ltr'><strong>alii</strong></span> <span class='ocrx_word' id='word_1_150' title='bbox 1046 2159 1107 2226; x_wconf 87' lang='lat' dir='ltr'><strong>nisi</strong></span> <span class='ocrx_word' id='word_1_151' title='bbox 1129 2161 1414 2228; x_wconf 79' lang='lat' dir='ltr'><strong>criticihomires</strong></span> 
     </span>
     <span class='ocr_line' id='line_1_19' title="bbox 248 2247 1432 2349; baseline 0.005 -27"><span class='ocrx_word' id='word_1_152' title='bbox 248 2260 336 2344; x_wconf 89' lang='lat' dir='ltr'><strong>iique</strong></span> <span class='ocrx_word' id='word_1_153' title='bbox 361 2262 455 2344; x_wconf 88' lang='lat' dir='ltr'><strong>pauci</strong></span> <span class='ocrx_word' id='word_1_154' title='bbox 481 2262 703 2330; x_wconf 85' lang='lat' dir='ltr'><strong>dissenserunt.</strong></span> <span class='ocrx_word' id='word_1_155' title='bbox 744 2265 822 2330; x_wconf 85' lang='lat' dir='ltr'><strong>Erot</strong></span> <span class='ocrx_word' id='word_1_156' title='bbox 850 2279 956 2331; x_wconf 85' lang='lat' dir='ltr'><strong>sutem</strong></span> <span class='ocrx_word' id='word_1_157' title='bbox 985 2267 1045 2331; x_wconf 90' lang='lat' dir='ltr'><strong>hoc</strong></span> <span class='ocrx_word' id='word_1_158' title='bbox 1069 2265 1169 2344; x_wconf 83' lang='lat' dir='ltr'><strong>libro,</strong></span> <span class='ocrx_word' id='word_1_159' title='bbox 1194 2265 1396 2349; x_wconf 80' lang='lat' dir='ltr'><strong>quemsdmo·</strong></span> <span class='ocrx_word' id='word_1_160' title='bbox 1430 2247 1432 2252; x_wconf 34' lang='lat'><strong>¹</strong></span> 
     </span>
     <span class='ocr_line' id='line_1_20' title="bbox 249 2360 1394 2450; baseline 0.006 -25"><span class='ocrx_word' id='word_1_161' title='bbox 249 2360 325 2426; x_wconf 91' lang='lat' dir='ltr'><strong>dum</strong></span> <span class='ocrx_word' id='word_1_162' title='bbox 345 2387 419 2446; x_wconf 83' lang='lat' dir='ltr'><strong>pers</strong></span> <span class='ocrx_word' id='word_1_163' title='bbox 441 2366 565 2432; x_wconf 81' lang='lat' dir='ltr'><strong>exordii</strong></span> <span class='ocrx_word' id='word_1_164' title='bbox 587 2388 637 2448; x_wconf 83' lang='lat' dir='ltr'><strong>sp.</strong></span> <span class='ocrx_word' id='word_1_165' title='bbox 658 2368 940 2450; x_wconf 78' lang='lat' dir='ltr'><strong>Harpocratiooem</strong></span> <span class='ocrx_word' id='word_1_166' title='bbox 962 2367 1110 2448; x_wconf 76' lang='lat' dir='ltr'><strong>ostendit,</strong></span> <span class='ocrx_word' id='word_1_167' title='bbox 1129 2379 1276 2432; x_wconf 78' lang='lat' dir='ltr'><strong>usturam</strong></span> <span class='ocrx_word' id='word_1_168' title='bbox 1287 2391 1394 2434; x_wconf 87' lang='lat' dir='ltr'><strong>rerum</strong></span> 
     </span>
     <span class='ocr_line' id='line_1_21' title="bbox 250 2467 1393 2555; baseline 0.002 -25"><span class='ocrx_word' id='word_1_169' title='bbox 250 2467 507 2546; x_wconf 82' lang='lat' dir='ltr'><strong>ecoojuoctione</strong></span> <span class='ocrx_word' id='word_1_170' title='bbox 535 2467 631 2530; x_wconf 83' lang='lat' dir='ltr'><strong>trium</strong></span> <span class='ocrx_word' id='word_1_171' title='bbox 658 2469 887 2552; x_wconf 77' lang='lat' dir='ltr'><strong>principiorum</strong></span> <span class='ocrx_word' id='word_1_172' title='bbox 908 2469 1063 2536; x_wconf 76' lang='lat' dir='ltr'><strong>deducere</strong></span> <span class='ocrx_word' id='word_1_173' title='bbox 1084 2481 1229 2550; x_wconf 77' lang='lat' dir='ltr'><strong>conotus,</strong></span> <span class='ocrx_word' id='word_1_174' title='bbox 1258 2493 1393 2555; x_wconf 83' lang='lat' dir='ltr'><strong>quorum</strong></span> 
     </span>
     <span class='ocr_line' id='line_1_22' title="bbox 249 2567 1397 2654; baseline 0.005 -24"><span class='ocrx_word' id='word_1_175' title='bbox 249 2567 387 2648; x_wconf 88' lang='lat' dir='ltr'><strong>primum</strong></span> <span class='ocrx_word' id='word_1_176' title='bbox 407 2579 561 2647; x_wconf 87' lang='lat' dir='ltr'><strong>mentem,</strong></span> <span class='ocrx_word' id='word_1_177' title='bbox 581 2571 715 2638; x_wconf 79' lang='lat' dir='ltr'><strong>alterum</strong></span> <span class='ocrx_word' id='word_1_178' title='bbox 736 2575 851 2654; x_wconf 88' lang='lat' dir='ltr'><strong>robur,</strong></span> <span class='ocrx_word' id='word_1_179' title='bbox 872 2573 1000 2638; x_wconf 88' lang='lat' dir='ltr'><strong>tertium</strong></span> <span class='ocrx_word' id='word_1_180' title='bbox 1020 2575 1180 2637; x_wconf 80' lang='lat' dir='ltr'><strong>fortunam</strong></span> <span class='ocrx_word' id='word_1_181' title='bbox 1200 2593 1267 2640; x_wconf 87' lang='lat' dir='ltr'><strong>esse</strong></span> <span class='ocrx_word' id='word_1_182' title='bbox 1288 2574 1397 2638; x_wconf 68' lang='lat' dir='ltr'><strong>exuti·</strong></span> 
     </span>
     <span class='ocr_line' id='line_1_23' title="bbox 248 2671 1395 2759; baseline 0.002 -24"><span class='ocrx_word' id='word_1_183' title='bbox 248 2671 357 2736; x_wconf 77' lang='lat' dir='ltr'><strong>mavit.</strong></span> <span class='ocrx_word' id='word_1_184' title='bbox 400 2671 603 2736; x_wconf 84' lang='lat' dir='ltr'><strong>Pervenimus</strong></span> <span class='ocrx_word' id='word_1_185' title='bbox 621 2696 704 2741; x_wconf 74' lang='lat' dir='ltr'><strong>uiroc</strong></span> <span class='ocrx_word' id='word_1_186' title='bbox 720 2675 759 2740; x_wconf 82' lang='lat' dir='ltr'><strong>ad</strong></span> <span class='ocrx_word' id='word_1_187' title='bbox 779 2678 945 2742; x_wconf 86' lang='lat' dir='ltr'><strong>historicos</strong></span> <span class='ocrx_word' id='word_1_188' title='bbox 961 2679 1070 2757; x_wconf 86' lang='lat' dir='ltr'><strong>libros,</strong></span> <span class='ocrx_word' id='word_1_189' title='bbox 1090 2680 1130 2742; x_wconf 85' lang='lat' dir='ltr'><strong>ab</strong></span> <span class='ocrx_word' id='word_1_190' title='bbox 1145 2677 1395 2759; x_wconf 76' lang='lat' dir='ltr'><strong>Hmpocretione</strong></span> 
     </span>
    </p>
   </div>
   <div class='ocr_carea' id='block_1_4' title="bbox 132 2774 1397 2864">
    <p class='ocr_par' dir='ltr' id='par_1_4' title="bbox 132 2774 1397 2864">
     <span class='ocr_line' id='line_1_24' title="bbox 132 2774 1397 2864; baseline 0.004 -27"><span class='ocrx_word' id='word_1_191' title='bbox 132 2803 140 2812; x_wconf 86' lang='lat'><strong>·</strong></span> <span class='ocrx_word' id='word_1_192' title='bbox 250 2774 435 2840; x_wconf 83' lang='lat' dir='ltr'><strong>mirabiliter</strong></span> <span class='ocrx_word' id='word_1_193' title='bbox 456 2776 596 2857; x_wconf 88' lang='lat' dir='ltr'><strong>omissos,</strong></span> <span class='ocrx_word' id='word_1_194' title='bbox 619 2799 689 2842; x_wconf 89' lang='lat' dir='ltr'><strong>cum</strong></span> <span class='ocrx_word' id='word_1_195' title='bbox 709 2780 736 2844; x_wconf 89' lang='lat' dir='ltr'><strong>is</strong></span> <span class='ocrx_word' id='word_1_196' title='bbox 758 2794 869 2861; x_wconf 84' lang='lat' dir='ltr'><strong>cetero,</strong></span> <span class='ocrx_word' id='word_1_197' title='bbox 896 2801 977 2864; x_wconf 85' lang='lat' dir='ltr'><strong>quoe</strong></span> <span class='ocrx_word' id='word_1_198' title='bbox 1000 2781 1137 2863; x_wconf 86' lang='lat' dir='ltr'><strong>scripsit,</strong></span> <span class='ocrx_word' id='word_1_199' title='bbox 1162 2780 1326 2860; x_wconf 74' lang='lat' dir='ltr'><strong>diligenter</strong></span> <span class='ocrx_word' id='word_1_200' title='bbox 1345 2791 1397 2842; x_wconf 83' lang='lat' dir='ltr'><strong>st·</strong></span> 
     </span>
    </p>
   </div>
   <div class='ocr_carea' id='block_1_5' title="bbox 249 2879 1397 2965">
    <p class='ocr_par' dir='ltr' id='par_1_5' title="bbox 249 2879 1397 2965">
     <span class='ocr_line' id='line_1_25' title="bbox 249 2879 1397 2965; baseline 0.005 -24"><span class='ocrx_word' id='word_1_201' title='bbox 249 2897 313 2960; x_wconf 81' lang='lat' dir='ltr'><strong>que</strong></span> <span class='ocrx_word' id='word_1_202' title='bbox 334 2879 459 2960; x_wconf 88' lang='lat' dir='ltr'><strong>copiose</strong></span> <span class='ocrx_word' id='word_1_203' title='bbox 480 2894 650 2946; x_wconf 84' lang='lat' dir='ltr'><strong>recensent.</strong></span> <span class='ocrx_word' id='word_1_204' title='bbox 697 2883 870 2952; x_wconf 75' lang='lat' dir='ltr'><strong>Scholiasta</strong></span> <span class='ocrx_word' id='word_1_205' title='bbox 890 2887 914 2948; x_wconf 87' lang='lat'><strong>1.</strong></span> <span class='ocrx_word' id='word_1_206' title='bbox 933 2887 973 2965; x_wconf 88' lang='lat' dir='ltr'><strong>l.,</strong></span> <span class='ocrx_word' id='word_1_207' title='bbox 1000 2885 1169 2950; x_wconf 81' lang='lat' dir='ltr'><strong>nominatis</strong></span> <span class='ocrx_word' id='word_1_208' title='bbox 1190 2882 1397 2951; x_wconf 72' lang='lat' dir='ltr'><strong>carminibus:</strong></span> 
     </span>
    </p>
   </div>
   <div class='ocr_carea' id='block_1_6' title="bbox 146 2979 1398 3072">
    <p class='ocr_par' dir='ltr' id='par_1_6' title="bbox 146 2979 1398 3072">
     <span class='ocr_line' id='line_1_26' title="bbox 146 2979 1398 3072; baseline 0.004 -25"><span class='ocrx_word' id='word_1_209' title='bbox 146 3002 148 3016; x_wconf 91' lang='grc'><strong><em>·</em></strong></span> <span class='ocrx_word' id='word_1_210' title='bbox 249 2980 305 3048; x_wconf 72' lang='lat' dir='ltr'><strong>eol</strong></span> <span class='ocrx_word' id='word_1_211' title='bbox 337 2980 575 3066; x_wconf 74' lang='grc' dir='ltr'><strong>καταλογάδην</strong></span> <span class='ocrx_word' id='word_1_212' title='bbox 607 2979 669 3052; x_wconf 80' lang='grc' dir='ltr'><strong>οόν</strong></span> <span class='ocrx_word' id='word_1_213' title='bbox 700 2985 942 3072; x_wconf 77' lang='grc' dir='ltr'><strong><em>ιιροοβιιιιιιιόν</em></strong></span> <span class='ocrx_word' id='word_1_214' title='bbox 976 2985 1162 3072; x_wconf 74' lang='grc' dir='ltr'><strong><em>λεγόμενον</em></strong></span> <span class='ocrx_word' id='word_1_215' title='bbox 1168 3035 1180 3066; x_wconf 86' lang='grc'><em>,</em></span> <span class='ocrx_word' id='word_1_216' title='bbox 1213 2983 1256 3056; x_wconf 75' lang='grc' dir='ltr'><strong>ὃν</strong></span> <span class='ocrx_word' id='word_1_217' title='bbox 1284 2979 1398 3054; x_wconf 73' lang='grc' dir='ltr'><strong><em>νόθον</em></strong></span> 
     </span>
    </p>
   </div>
   <div class='ocr_carea' id='block_1_7' title="bbox 170 3078 1398 4202">
    <p class='ocr_par' dir='ltr' id='par_1_7' title="bbox 170 3078 1398 4202">
     <span class='ocr_line' id='line_1_27' title="bbox 249 3078 1398 3174; baseline 0.003 -24"><span class='ocrx_word' id='word_1_218' title='bbox 249 3078 380 3159; x_wconf 74' lang='grc' dir='ltr'><strong><em>οἜιούοἰ</em></strong></span> <span class='ocrx_word' id='word_1_219' title='bbox 401 3103 492 3160; x_wconf 76' lang='lat' dir='ltr'><strong>osser</strong></span> <span class='ocrx_word' id='word_1_220' title='bbox 513 3085 570 3152; x_wconf 83' lang='lat' dir='ltr'><strong>soi</strong></span> <span class='ocrx_word' id='word_1_221' title='bbox 591 3083 668 3174; x_wconf 79' lang='grc' dir='ltr'><strong><em>ου’χλ</em></strong></span> <span class='ocrx_word' id='word_1_222' title='bbox 690 3081 812 3158; x_wconf 73' lang='grc' dir='ltr'><strong><em>αὐτοῦ.</em></strong></span> <span class='ocrx_word' id='word_1_223' title='bbox 841 3088 999 3172; x_wconf 67' lang='grc' dir='ltr'><strong><em>φαίνεται</em></strong></span> <span class='ocrx_word' id='word_1_224' title='bbox 1021 3089 1057 3156; x_wconf 73' lang='lat' dir='ltr'><strong>oe</strong></span> <span class='ocrx_word' id='word_1_225' title='bbox 1078 3089 1189 3159; x_wconf 72' lang='lat' dir='ltr'><strong>odessi</strong></span> <span class='ocrx_word' id='word_1_226' title='bbox 1213 3089 1270 3158; x_wconf 87' lang='grc' dir='ltr'><strong><em>ιιαλ</em></strong></span> <span class='ocrx_word' id='word_1_227' title='bbox 1290 3088 1398 3163; x_wconf 78' lang='lat' dir='ltr'><strong>scisse</strong></span> 
     </span>
     <span class='ocr_line' id='line_1_28' title="bbox 248 3180 1397 3274; baseline 0.011 -26"><span class='ocrx_word' id='word_1_228' title='bbox 248 3182 303 3250; x_wconf 82' lang='grc' dir='ltr'><strong><em>ιιαλ</em></strong></span> <span class='ocrx_word' id='word_1_229' title='bbox 326 3180 567 3267; x_wconf 74' lang='grc' dir='ltr'><strong><em>ιιοοιιολογιιιὸι</em></strong></span> <span class='ocrx_word' id='word_1_230' title='bbox 588 3189 640 3256; x_wconf 79' lang='lat' dir='ltr'><strong>soi</strong></span> <span class='ocrx_word' id='word_1_231' title='bbox 661 3184 901 3274; x_wconf 72' lang='grc' dir='ltr'><strong><em>ὑπομνήματα</em></strong></span> <span class='ocrx_word' id='word_1_232' title='bbox 919 3191 977 3260; x_wconf 80' lang='lat' dir='ltr'><strong>soi</strong></span> <span class='ocrx_word' id='word_1_233' title='bbox 996 3188 1084 3261; x_wconf 80' lang='grc' dir='ltr'><strong><em>ἄλλα</em></strong></span> <span class='ocrx_word' id='word_1_234' title='bbox 1101 3186 1194 3260; x_wconf 77' lang='lat' dir='ltr'><strong>sessi·</strong></span> <span class='ocrx_word' id='word_1_235' title='bbox 1234 3191 1297 3254; x_wconf 72' lang='lat' dir='ltr'><strong>Pto</strong></span> <span class='ocrx_word' id='word_1_236' title='bbox 1316 3189 1397 3272; x_wconf 79' lang='lat' dir='ltr'><strong>poi·</strong></span> 
     </span>
     <span class='ocr_line' id='line_1_29' title="bbox 248 3283 1397 3390; baseline 0 -38"><span class='ocrx_word' id='word_1_237' title='bbox 248 3283 444 3390; x_wconf 54' lang='lat' dir='ltr'><strong>vesus‘libcr</strong></span> <span class='ocrx_word' id='word_1_238' title='bbox 464 3286 606 3350; x_wconf 85' lang='lat' dir='ltr'><strong>Venetus</strong></span> <span class='ocrx_word' id='word_1_239' title='bbox 629 3291 763 3374; x_wconf 70' lang='grc' dir='ltr'><strong><em>φέρεται</em></strong></span> <span class='ocrx_word' id='word_1_240' title='bbox 788 3293 891 3358; x_wconf 84' lang='lat' dir='ltr'><strong>habet.</strong></span> <span class='ocrx_word' id='word_1_241' title='bbox 935 3291 1024 3369; x_wconf 83' lang='lat' dir='ltr'><strong>Quse</strong></span> <span class='ocrx_word' id='word_1_242' title='bbox 1043 3295 1097 3358; x_wconf 89' lang='lat' dir='ltr'><strong>ubl</strong></span> <span class='ocrx_word' id='word_1_243' title='bbox 1115 3293 1234 3356; x_wconf 86' lang='lat' dir='ltr'><strong>diutius</strong></span> <span class='ocrx_word' id='word_1_244' title='bbox 1255 3289 1397 3355; x_wconf 86' lang='lat' dir='ltr'><strong>conside·</strong></span> 
     </span>
     <span class='ocr_line' id='line_1_30' title="bbox 249 3384 1397 3476; baseline 0.009 -30"><span class='ocrx_word' id='word_1_245' title='bbox 249 3384 437 3466; x_wconf 82' lang='lat' dir='ltr'><strong>roverimus,</strong></span> <span class='ocrx_word' id='word_1_246' title='bbox 459 3387 498 3455; x_wconf 90' lang='lat' dir='ltr'><strong>de</strong></span> <span class='ocrx_word' id='word_1_247' title='bbox 520 3389 660 3470; x_wconf 88' lang='lat' dir='ltr'><strong>scriptis,</strong></span> <span class='ocrx_word' id='word_1_248' title='bbox 682 3411 762 3476; x_wconf 78' lang='lat' dir='ltr'><strong>quae</strong></span> <span class='ocrx_word' id='word_1_249' title='bbox 784 3414 899 3462; x_wconf 81' lang='lat' dir='ltr'><strong>nomen</strong></span> <span class='ocrx_word' id='word_1_250' title='bbox 920 3397 1004 3462; x_wconf 87' lang='lat' dir='ltr'><strong>louis</strong></span> <span class='ocrx_word' id='word_1_251' title='bbox 1027 3397 1184 3475; x_wconf 84' lang='lat' dir='ltr'><strong>lerebsnt,</strong></span> <span class='ocrx_word' id='word_1_252' title='bbox 1203 3395 1290 3465; x_wconf 83' lang='lat' dir='ltr'><strong>iuter</strong></span> <span class='ocrx_word' id='word_1_253' title='bbox 1310 3405 1397 3456; x_wconf 82' lang='lat' dir='ltr'><strong>sete·</strong></span> 
     </span>
     <span class='ocr_line' id='line_1_31' title="bbox 170 3487 1396 3584; baseline 0.014 -39"><span class='ocrx_word' id='word_1_254' title='bbox 170 3526 173 3532; x_wconf 82' lang='grc'><strong>-</strong></span> <span class='ocrx_word' id='word_1_255' title='bbox 249 3504 299 3546; x_wconf 87' lang='lat' dir='ltr'><strong>res</strong></span> <span class='ocrx_word' id='word_1_256' title='bbox 318 3506 462 3566; x_wconf 79' lang='lat' dir='ltr'><strong>maguum</strong></span> <span class='ocrx_word' id='word_1_257' title='bbox 484 3487 730 3578; x_wconf 68' lang='lat' dir='ltr'><strong>discrepantium⁴</strong></span> <span class='ocrx_word' id='word_1_258' title='bbox 744 3496 840 3562; x_wconf 83' lang='lat' dir='ltr'><strong>fuisse</strong></span> <span class='ocrx_word' id='word_1_259' title='bbox 861 3499 1043 3580; x_wconf 81' lang='lat' dir='ltr'><strong>opperebit3</strong></span> <span class='ocrx_word' id='word_1_260' title='bbox 1073 3499 1171 3584; x_wconf 88' lang='lat' dir='ltr'><strong>idque</strong></span> <span class='ocrx_word' id='word_1_261' title='bbox 1192 3499 1396 3562; x_wconf 82' lang='lat' dir='ltr'><strong>nihilominus</strong></span> 
     </span>
     <span class='ocr_line' id='line_1_32' title="bbox 250 3590 1396 3686; baseline 0.01 -34"><span class='ocrx_word' id='word_1_262' title='bbox 250 3599 313 3652; x_wconf 81' lang='lat' dir='ltr'><strong>tam</strong></span> <span class='ocrx_word' id='word_1_263' title='bbox 342 3590 501 3658; x_wconf 80' lang='lat' dir='ltr'><strong>silentium</strong></span> <span class='ocrx_word' id='word_1_264' title='bbox 530 3595 806 3680; x_wconf 75' lang='lat' dir='ltr'><strong>Harpocratioois,</strong></span> <span class='ocrx_word' id='word_1_265' title='bbox 835 3625 930 3686; x_wconf 85' lang='lat' dir='ltr'><strong>quem</strong></span> <span class='ocrx_word' id='word_1_266' title='bbox 958 3603 1073 3669; x_wconf 79' lang='lat' dir='ltr'><strong>indicis</strong></span> <span class='ocrx_word' id='word_1_267' title='bbox 1095 3602 1329 3686; x_wconf 81' lang='lat' dir='ltr'><strong>disceptetioois</strong></span> <span class='ocrx_word' id='word_1_268' title='bbox 1356 3603 1396 3670; x_wconf 75' lang='lat' dir='ltr'><strong>ab</strong></span> 
     </span>
     <span class='ocr_line' id='line_1_33' title="bbox 249 3689 1397 3789; baseline 0.013 -33"><span class='ocrx_word' id='word_1_269' title='bbox 249 3689 289 3756; x_wconf 88' lang='lat' dir='ltr'><strong>iis</strong></span> <span class='ocrx_word' id='word_1_270' title='bbox 309 3692 470 3760; x_wconf 81' lang='lat' dir='ltr'><strong>institutae</strong></span> <span class='ocrx_word' id='word_1_271' title='bbox 492 3700 670 3781; x_wconf 85' lang='lat' dir='ltr'><strong>ostendunt,</strong></span> <span class='ocrx_word' id='word_1_272' title='bbox 694 3703 751 3787; x_wconf 90' lang='lat' dir='ltr'><strong>qui</strong></span> <span class='ocrx_word' id='word_1_273' title='bbox 771 3706 989 3786; x_wconf 81' lang='lat' dir='ltr'><strong>Trisgmorum</strong></span> <span class='ocrx_word' id='word_1_274' title='bbox 1011 3707 1198 3789; x_wconf 86' lang='lat' dir='ltr'><strong>scriptorem</strong></span> <span class='ocrx_word' id='word_1_275' title='bbox 1218 3725 1397 3788; x_wconf 79' lang='lat' dir='ltr'><strong>nomenque</strong></span> 
     </span>
     <span class='ocr_line' id='line_1_34' title="bbox 249 3795 1397 3902; baseline 0.009 -42"><span class='ocrx_word' id='word_1_276' title='bbox 249 3795 336 3860; x_wconf 81' lang='lat' dir='ltr'><strong>serie</strong></span> <span class='ocrx_word' id='word_1_277' title='bbox 356 3800 597 3882; x_wconf 81' lang='lat' dir='ltr'><strong>perhibuerunt.</strong></span> <span class='ocrx_word' id='word_1_278' title='bbox 639 3806 701 3874; x_wconf 87' lang='lat' dir='ltr'><strong>Sed</strong></span> <span class='ocrx_word' id='word_1_279' title='bbox 724 3829 766 3876; x_wconf 81' lang='lat' dir='ltr'><strong>ex</strong></span> <span class='ocrx_word' id='word_1_280' title='bbox 787 3810 882 3879; x_wconf 89' lang='lat' dir='ltr'><strong>titulo</strong></span> <span class='ocrx_word' id='word_1_281' title='bbox 901 3804 1162 3902; x_wconf 29' lang='lat' dir='ltr'><strong>‘Kaupoioysecir</strong></span> <span class='ocrx_word' id='word_1_282' title='bbox 1183 3831 1201 3870; x_wconf 85' lang='lat' dir='ltr'><strong>c</strong></span> <span class='ocrx_word' id='word_1_283' title='bbox 1222 3808 1397 3872; x_wconf 78' lang='lat' dir='ltr'><strong>Scholinrts</strong></span> 
     </span>
     <span class='ocr_line' id='line_1_35' title="bbox 249 3898 1396 3997; baseline 0.01 -37"><span class='ocrx_word' id='word_1_284' title='bbox 249 3898 363 3964; x_wconf 86' lang='lat' dir='ltr'><strong>librum</strong></span> <span class='ocrx_word' id='word_1_285' title='bbox 384 3905 492 3966; x_wconf 76' lang='lat' dir='ltr'><strong>soceri</strong></span> <span class='ocrx_word' id='word_1_286' title='bbox 513 3906 734 3988; x_wconf 88' lang='lat' dir='ltr'><strong>concludimus,</strong></span> <span class='ocrx_word' id='word_1_287' title='bbox 755 3913 812 3994; x_wconf 89' lang='lat' dir='ltr'><strong>qui</strong></span> <span class='ocrx_word' id='word_1_288' title='bbox 835 3913 912 3974; x_wconf 81' lang='lat' dir='ltr'><strong>elius</strong></span> <span class='ocrx_word' id='word_1_289' title='bbox 940 3911 1111 3997; x_wconf 74' lang='grc' dir='ltr'><strong><em>Τριαγμοί</em></strong></span> <span class='ocrx_word' id='word_1_290' title='bbox 1132 3913 1310 3993; x_wconf 77' lang='lat' dir='ltr'><strong>appellatus</strong></span> <span class='ocrx_word' id='word_1_291' title='bbox 1332 3922 1396 3993; x_wconf 63' lang='lat' dir='ltr'><strong>este</strong></span> 
     </span>
     <span class='ocr_line' id='line_1_36' title="bbox 249 4003 1397 4095; baseline 0.004 -25"><span class='ocrx_word' id='word_1_292' title='bbox 249 4023 320 4066; x_wconf 72' lang='lat' dir='ltr'><strong>uem</strong></span> <span class='ocrx_word' id='word_1_293' title='bbox 334 4003 414 4066; x_wconf 84' lang='lat' dir='ltr'><strong>illud</strong></span> <span class='ocrx_word' id='word_1_294' title='bbox 432 4025 546 4072; x_wconf 83' lang='lat' dir='ltr'><strong>nomen</strong></span> <span class='ocrx_word' id='word_1_295' title='bbox 567 4025 783 4090; x_wconf 78' lang='lat' dir='ltr'><strong>argumentum</strong></span> <span class='ocrx_word' id='word_1_296' title='bbox 804 4013 931 4091; x_wconf 86' lang='lat' dir='ltr'><strong>indicat,</strong></span> <span class='ocrx_word' id='word_1_297' title='bbox 951 4017 1012 4078; x_wconf 82' lang='lat' dir='ltr'><strong>lsoc</strong></span> <span class='ocrx_word' id='word_1_298' title='bbox 1028 4035 1105 4080; x_wconf 81' lang='lat' dir='ltr'><strong>vero</strong></span> <span class='ocrx_word' id='word_1_299' title='bbox 1119 4014 1302 4078; x_wconf 84' lang='lat' dir='ltr'><strong>interiorem</strong></span> <span class='ocrx_word' id='word_1_300' title='bbox 1320 4033 1397 4095; x_wconf 86' lang='lat' dir='ltr'><strong>ope·</strong></span> 
     </span>
     <span class='ocr_line' id='line_1_37' title="bbox 247 4105 1397 4202; baseline 0.012 -32"><span class='ocrx_word' id='word_1_301' title='bbox 247 4105 291 4170; x_wconf 87' lang='lat' dir='ltr'><strong>ris</strong></span> <span class='ocrx_word' id='word_1_302' title='bbox 305 4108 471 4174; x_wconf 81' lang='lat' dir='ltr'><strong>rationem.</strong></span> <span class='ocrx_word' id='word_1_303' title='bbox 515 4107 660 4192; x_wconf 81' lang='lat' dir='ltr'><strong>Origines</strong></span> <span class='ocrx_word' id='word_1_304' title='bbox 676 4114 827 4186; x_wconf 87' lang='lat' dir='ltr'><strong>Chiorum</strong></span> <span class='ocrx_word' id='word_1_305' title='bbox 845 4117 1015 4199; x_wconf 62' lang='lat' dir='ltr'><strong>explicavit</strong></span> <span class='ocrx_word' id='word_1_306' title='bbox 1034 4139 1168 4202; x_wconf 86' lang='lat' dir='ltr'><strong>eumque</strong></span> <span class='ocrx_word' id='word_1_307' title='bbox 1186 4120 1303 4182; x_wconf 82' lang='lat' dir='ltr'><strong>librum</strong></span> <span class='ocrx_word' id='word_1_308' title='bbox 1322 4117 1397 4186; x_wconf 78' lang='lat' dir='ltr'><strong>sci-</strong></span> 
     </span>
    </p>
   </div>
   <div class='ocr_carea' id='block_1_8' title="bbox 1 4208 1396 4310">
    <p class='ocr_par' dir='ltr' id='par_1_8' title="bbox 1 4208 1396 4310">
     <span class='ocr_line' id='line_1_38' title="bbox 1 4208 1396 4310; baseline 0.009 -40"><span class='ocrx_word' id='word_1_309' title='bbox 1 4257 4 4270; x_wconf 92' lang='lat'>.</span> <span class='ocrx_word' id='word_1_310' title='bbox 121 4303 129 4310; x_wconf 27' lang='grc'>.</span> <span class='ocrx_word' id='word_1_311' title='bbox 247 4229 302 4274; x_wconf 78' lang='lat' dir='ltr'><strong>oss</strong></span> <span class='ocrx_word' id='word_1_312' title='bbox 325 4208 417 4276; x_wconf 83' lang='grc' dir='ltr'><strong><em>Χίου</em></strong></span> <span class='ocrx_word' id='word_1_313' title='bbox 437 4212 619 4291; x_wconf 77' lang='lat' dir='ltr'><strong>appellavit.</strong></span> <span class='ocrx_word' id='word_1_314' title='bbox 663 4215 767 4282; x_wconf 90' lang='lat' dir='ltr'><strong>Schol.</strong></span> <span class='ocrx_word' id='word_1_315' title='bbox 790 4216 830 4284; x_wconf 86' lang='lat' dir='ltr'><strong>od</strong></span> <span class='ocrx_word' id='word_1_316' title='bbox 851 4219 873 4282; x_wconf 86' lang='grc' dir='ltr'><strong>Ι.</strong></span> <span class='ocrx_word' id='word_1_317' title='bbox 892 4220 914 4294; x_wconf 84' lang='lat' dir='ltr'><strong>l.</strong></span> <span class='ocrx_word' id='word_1_318' title='bbox 957 4221 1043 4286; x_wconf 83' lang='lat' dir='ltr'><strong>Bene</strong></span> <span class='ocrx_word' id='word_1_319' title='bbox 1065 4220 1163 4300; x_wconf 81' lang='lat' dir='ltr'><strong>igitur</strong></span> <span class='ocrx_word' id='word_1_320' title='bbox 1181 4222 1396 4298; x_wconf 84' lang='lat' dir='ltr'><strong>Bentlejue</strong></span> 
     </span>
    </p>
   </div>
   <div class='ocr_carea' id='block_1_9' title="bbox 247 4309 1397 4511">
    <p class='ocr_par' dir='ltr' id='par_1_9' title="bbox 247 4309 1397 4511">
     <span class='ocr_line' id='line_1_39' title="bbox 247 4309 1397 4410; baseline -0.002 -22"><span class='ocrx_word' id='word_1_321' title='bbox 247 4329 298 4388; x_wconf 70' lang='lat' dir='ltr'><strong>iP·</strong></span> <span class='ocrx_word' id='word_1_322' title='bbox 320 4309 424 4391; x_wconf 66' lang='lat' dir='ltr'><strong>Elim·</strong></span> <span class='ocrx_word' id='word_1_323' title='bbox 447 4315 553 4392; x_wconf 63' lang='lat' dir='ltr'><strong>Metu·</strong></span> <span class='ocrx_word' id='word_1_324' title='bbox 574 4337 600 4382; x_wconf 65' lang='grc' dir='ltr'><strong>ὅ·</strong></span> <span class='ocrx_word' id='word_1_325' title='bbox 621 4339 651 4380; x_wconf 74' lang='lat' dir='ltr'><strong>V·</strong></span> <span class='ocrx_word' id='word_1_326' title='bbox 673 4317 795 4407; x_wconf 75' lang='grc' dir='ltr'><strong><em>λόγχαι</em></strong></span> <span class='ocrx_word' id='word_1_327' title='bbox 816 4322 958 4408; x_wconf 75' lang='grc' dir='ltr'><strong>με’ριδαα</strong></span> <span class='ocrx_word' id='word_1_328' title='bbox 974 4318 1089 4396; x_wconf 78' lang='lat' dir='ltr'><strong>&#39;losse</strong></span> <span class='ocrx_word' id='word_1_329' title='bbox 1108 4324 1276 4410; x_wconf 72' lang='grc' dir='ltr'><strong><em>λέγουσιν.</em></strong></span> <span class='ocrx_word' id='word_1_330' title='bbox 1315 4316 1397 4388; x_wconf 78' lang='lat' dir='ltr'><strong>&#39;Ios</strong></span> 
     </span>
     <span class='ocr_line' id='line_1_40' title="bbox 249 4412 1396 4511; baseline 0.01 -31"><span class='ocrx_word' id='word_1_331' title='bbox 249 4415 287 4480; x_wconf 79' lang='grc' dir='ltr'><strong>ἐι</strong></span> <span class='ocrx_word' id='word_1_332' title='bbox 310 4412 401 4482; x_wconf 85' lang='grc' dir='ltr'><strong>Κίοο</strong></span> <span class='ocrx_word' id='word_1_333' title='bbox 422 4413 534 4502; x_wconf 67' lang='lat' dir='ltr'><strong>cesion</strong></span> <span class='ocrx_word' id='word_1_334' title='bbox 554 4421 704 4489; x_wconf 82' lang='lat' dir='ltr'><strong>restituit.</strong></span> <span class='ocrx_word' id='word_1_335' title='bbox 753 4424 992 4510; x_wconf 73' lang='lat' dir='ltr'><strong>Fragmentum,</strong></span> <span class='ocrx_word' id='word_1_336' title='bbox 1022 4425 1108 4511; x_wconf 81' lang='lat' dir='ltr'><strong>quod</strong></span> <span class='ocrx_word' id='word_1_337' title='bbox 1133 4423 1396 4506; x_wconf 69' lang='lat' dir='ltr'><strong>incorporantes</strong></span> 
     </span>
    </p>
   </div>
   <div class='ocr_carea' id='block_1_10' title="bbox 0 0 1542 4998">
    <p class='ocr_par' dir='ltr' id='par_1_10' title="bbox 0 0 1542 4998">
     <span class='ocr_line' id='line_1_41' title="bbox 0 0 1542 4998; baseline 0 0"><span class='ocrx_word' id='word_1_338' title='bbox 0 0 1542 4998; x_wconf 95' lang='lat' dir='ltr'><strong> </strong></span> 
     </span>
    </p>
   </div>
  </div>
 </body>
</html>
