3072 5012
286 292 361 368 114

368 475 485 548 Aede
515 475 755 566 prooemiorum
788 495 850 542 usu
882 476 914 544 in
947 477 1051 544 nomia
1086 474 1353 566 dithyrambieque
1379 494 1422 538 sa·

283 586 321 652 tis
345 583 517 675 frequenti,
545 602 610 649 non
633 589 683 648 est
704 580 791 672 quod
812 581 956 672 pluribus
985 593 1167 674 exponatur
1196 585 1264 669 (cfr.
1287 580 1423 650 Schacier
1490 659 1491 664 ρ

282 689 442 758 Meletem.
454 711 484 779 p.
498 689 561 773 29).
607 689 761 756 Ceterum
790 709 855 756 non
886 691 1030 778 angustie
1062 688 1175 760 finibus
1203 689 1424 782 prooemiorum

283 796 562 886 circumscriptum
595 794 751 862 ambitum
785 794 900 876 fuisse,
936 795 1013 864 indo
1051 795 1202 888 colIigas,
1236 795 1322 887 quod
1348 792 1424 862 Suid.

282 901 565 992 Tom.1‚p.149,
595 901 649 968 veI
676 899 717 970 de
738 901 895 990 prooemii
921 904 1078 992 principio
1101 901 1253 994 loquatur
1278 901 1342 974 his:
1369 895 1425 984 ἄμ·
1490 927 1491 936 ¹

281 1005 509 1098 φιανοκτίζιιν
522 1003 689 1098 ᾅδεινκὸν
713 1001 930 1096 Τερπάνδρου
951 1005 1055 1095 νόμον
1070 1006 1130 1076 τὸν
1150 1007 1351 1096 κολοὺμιαον
1363 1003 1426 1094 ”Op

280 1119 375 1197 διον,
401 1105 443 1184 οὗ
464 1113 507 1182 ed
527 1113 750 1202 προοίμιον
772 1112 924 1196 ταύτην
945 1114 1017 1196 τὴν
1037 1110 1164 1203 ἀρχὴν
1184 1103 1302 1203 εἶχον.
1341 1111 1426 1200 toppo

279 1210 487 1312 proiciendo
508 1217 641 1310 ἄναχθ’
664 1217 868 1310 ἑκατηβόλον
890 1220 997 1312 ᾀδέτω
1018 1221 1119 1310 φρὴν.
1162 1225 1274 1314 Itaque
1294 1243 1353 1290 nee
1367 1221 1426 1309 ipea

280 1338 430 1422 poteraut
452 1327 658 1396 artificiorum
679 1350 776 1424 egere
796 1327 978 1398 luminibus.
1030 1332 1106 1400 Iam
1128 1349 1206 1400 vero
1229 1351 1305 1398 eum
1325 1347 1426 1396 nomos

281 1435 446 1505 Timothei
470 1433 569 1517 XDI,
603 1432 821 1526 dithyrambos
847 1435 947 1506 XVIII
976 1439 1153 1508 numererit
1177 1437 1311 1522 Suidae,
1340 1434 1427 1514 rides,

281 1567 345 1636 quo
364 1548 438 1637 jure
458 1539 623 1612 XXXVII
649 1540 808 1612 addiderit
834 1545 1021 1633 prooemia;
1050 1565 1127 1616 nam
1153 1538 1204 1624 λζ’
1226 1565 1287 1634 pro
1309 1535 1359 1620 Ἆρ’
1384 1563 1426 1608 re·

280 1650 486 1720 scribendum
508 1671 590 1731 eece,
611 1648 645 1716 in
667 1658 779 1740 aperto
803 1659 875 1718 esea
904 1647 1016 1740 Itaque
1032 1652 1102 1742 jam
1124 1649 1249 1742 reliqua
1270 1659 1345 1718 eunt
1363 1647 1426 1716 Ste-

280 1757 379 1850 phani
399 1752 566 1845 προνόμισ
587 1751 698 1822 ἄλλον
714 1754 825 1842 χίλια,
850 1757 966 1850 where
988 1755 1094 1826 verbio
1120 1755 1323 1828 admovenda
1341 1755 1426 1824 inter·

279 1865 433 1957 pictatio,
470 1885 537 1932 uon
573 1863 755 1932 emendatio
789 1873 847 1932 eet
901 1865 952 1934 Ao
981 1861 1191 1932 Timotheum
1228 1864 1426 1932 vetustiorum

278 1981 449 2062 poetarum
470 1969 585 2038 modos
614 1967 782 2038 refluxisse
810 1991 932 2060 eoaque
954 1970 996 2038 ad
1022 1993 1095 2038 emn
1124 1992 1222 2062 quam
1247 1971 1373 2064 ipsein
1397 1989 1426 2034 re

278 2079 402 2146 musica
424 2085 615 2166 sequeretur
635 2077 794 2146 rationem
814 2086 1047 2167 attemperasee
1068 2101 1111 2152 ex
1132 2077 1425 2148 commemoratione
1490 2077 1491 2112 ;

279 2185 503 2254 diasceuarum
529 2185 711 2276 suspicatur
732 2181 910 2254 MeineIiue
931 2181 1003 2252 hiat.
1026 2185 1095 2254 orit
1118 2207 1150 2276 p.
1164 2184 1216 2252 32.
1268 2184 1338 2256 Noe
1358 2201 1424 2252 vero
1490 2189 1491 2196 ’

276 2290 335 2361 hae
356 2277 452 2374 inter»
467 2287 645 2370 διασκιυὰς
676 2291 838 2362 exetitioae
857 2288 1010 2359 Neritum
1031 2291 1229 2382 conjecimus
1259 2315 1302 2362 ex
1322 2290 1425 2360 Eusta-

277 2398 344 2466 thio
366 2423 397 2488 p.
411 2400 504 2481 1538,
520 2399 551 2466 4.
595 2397 654 2464 Hie
676 2398 773 2486 igitur
793 2396 984 2474 decoxevoee‘e
1004 2406 1084 2488 puta
1106 2397 1143 2468 T.
1167 2398 1355 2488 praefixisse
1370 2395 1424 2462 sin·

276 2504 353 2595 gula
374 2506 559 2596 pronomia,
588 2503 621 2569 in
648 2503 839 2572 ,universum
861 2504 928 2572 iere
951 2503 991 2570 ad
1018 2527 1188 2575 numerum
1210 2504 1247 2574 M
1276 2523 1423 2576 versuum·

276 2609 371 2678 Patet
389 2608 481 2692 inde,
514 2631 611 2700 quam
637 2618 712 2699 apte
737 2608 853 2678 duem
873 2604 986 2676 ἄλλων
1003 2607 1098 2696 χίλια
1126 2634 1218 2703 quae
1232 2613 1313 2682 mire
1334 2621 1424 2678 torec-

275 2726 350 2784 runt
375 2717 581 2805 interpretes,
610 2737 691 2806 quos
719 2717 804 2785 inter
832 2718 886 2806 qui
906 2716 1047 2788 Meursio
1078 2727 1111 2786 et
1132 2715 1282 2788 Berkelio
1304 2737 1423 2808 praece·
1490 2735 1491 2812 ρ

275 2822 422 2890 denubua
443 2817 555 2890 ἄλλων
577 2832 776 2892 commutare
791 2825 825 2894 in
839 2815 952 2894 αὐλῶν
966 2823 1090 2896 vellent
1105 2823 1295 2915 longiae-ime
1317 2847 1336 2894 a
1355 2839 1422 2890 vero
1490 2835 1491 2858 ι

274 2928 451 2998 abfuerunt
601 2928 605 2940 ‘
1450 2929 1454 2936 ’

357 3037 468 3126 ltoque
499 3036 586 3130 apud
613 3037 748 3106 Suidam
773 3036 873 3106 habea
901 3035 948 3102 δι’
981 3037 1070 3104 ἐπῶν
1100 3033 1223 3120 νόμους
1257 3029 1422 3124 μουσικοὺς

273 3140 448 3208 δεκαεννέα
468 3145 555 3235 apud
576 3142 779 3234 Stephanum
801 3143 913 3229 νόμον
940 3145 1175 3234 κιθαρῳδικῶν
1208 3145 1346 3230 βίβλους
1372 3139 1421 3206 σ’κ-

272 3245 455 3320 τιοκαίδικα
477 3246 523 3329 εἰς
543 3249 632 3318 ἐπῶν
652 3245 900 3336 ὀκτακισχιλίων
922 3249 981 3318 τόν
1001 3247 1164 3340 ἀριθμὸν.
1208 3251 1244 3322 ln
1267 3275 1330 3344 quo
1352 3267 1421 3318 cave
1490 3255 1491 3344 I

270 3377 314 3426 ue
335 3357 477 3447 dupplici
497 3359 588 3426 vorbi
609 3355 699 3426 ἐπῶν
718 3356 950 3448 significatione
971 3358 1080 3428 induci
1102 3370 1133 3428 te
1152 3363 1184 3428 in
1201 3381 1343 3430 errorem
1355 3377 1420 3446 pas·
1490 3347 1491 3382 ³

269 3483 337 3543 eus,
359 3461 495 3530 alterum
516 3475 624 3531 utrum
646 3465 805 3533 mendacii
826 3465 1030 3532 manifestum
1058 3489 1131 3534 ceso
1153 3489 1321 3558 coarguas.
1362 3455 1421 3530 Sed

271 3589 314 3635 ex
342 3566 516 3636 Plutarcho
549 3568 656 3638 luceru
686 3571 840 3638 incende:
875 3568 1054 3650 πεποίηται
1080 3573 1116 3640 δὲ
1150 3569 1349 3661 Τερπάνδρῳ
1370 3565 1419 3634 καὶ

270 3671 431 3762 προοίμια
452 3674 662 3764 κιθαρῳδικὰ
683 3677 721 3740 ἐν
739 3674 914 3762 derasen)
942 3669 996 3744 ὅτι
1017 3679 1053 3744 δὲ
1074 3680 1108 3744 οἱ
1129 3679 1350 3770 κιθαρῳδικοὶ
1371 3665 1418 3740 vi·

268 3805 328 3869 μοι
349 3783 382 3850 οἱ
403 3778 510 3850 πάλαι
530 3782 564 3864 ἐξ
583 3781 671 3850 ἐπῶν
688 3780 886 3864 ξυνίσταντο
913 3781 1121 3870 Τιμόδιοο
1141 3783 1303 3866 ἐδήλωσα·
1336 3776 1418 3853 σούς

268 3889 365 3974 γοῦν
386 3886 565 3979 πρῶτους
587 3885 737 3975 νόμους
758 3891 800 3956 ἐν
819 3887 936 3959 ἔπεσι
951 3890 1204 3983 διαμιγνύων
1221 3893 1417 3978 διθυραμ-

269 4057 470 4070 W

303 4158 339 4224 ⁴¹)
358 4157 415 4211 Cfr.
434 4159 505 4212 Plut.
524 4137 572 4211 VI.¹
586 4155 619 4210 τὰ
637 4153 691 4227 γὰρ
711 4154 780 4230 πρὸς
798 4155 860 4219 τοὺς
878 4153 958 4216 θεοὺς
976 4155 1362 4232 ἀφοσιωσομένοιέξέβοινον
1377 4143 1415 4204 εὖ·

333 4241 385 4303 ate
403 4241 449 4298 eo
465 4241 514 4311 τὴν
529 4240 648 4316 Ὀμήρου
667 4245 784 4300 καὶτῶν
802 4239 894 4301 δι’λλων
912 4249 1038 4313 ποίησιν·
1057 4243 1143 4314 δῆλον
1161 4247 1194 4302 δὲ
1210 4243 1286 4302 τοῦτ’
1305 4245 1360 4298 ἔστι
1373 4231 1415 4290 dui
1490 4255 1491 4258 ¹

333 4331 388 4414 τῶν
408 4328 589 4404 Τερπάνδρου
607 4335 770 4404 προοιμίων.
