<?xml version="1.0" encoding="UTF-8"?>
<!DOCTYPE html PUBLIC "-//W3C//DTD XHTML 1.0 Transitional//EN"
    "http://www.w3.org/TR/xhtml1/DTD/xhtml1-transitional.dtd">
<html xmlns="http://www.w3.org/1999/xhtml" xml:lang="en" lang="en">
 <head>
  <title>
</title>
<meta http-equiv="Content-Type" content="text/html;charset=utf-8" />
  <meta name='ocr-system' content='tesseract 3.04.00' />
  <meta name='ocr-capabilities' content='ocr_page ocr_carea ocr_par ocr_line ocrx_word'/>
</head>
<body>
  <div class='ocr_page' id='page_1' title='image "./historiacritica01kaysgoog/historiacritica01kaysgoog_0032.png"; bbox 0 0 3044 4982; ppageno 0'>
   <div class='ocr_carea' id='block_1_1' title="bbox 769 339 920 393">
    <p class='ocr_par' dir='ltr' id='par_1_1' title="bbox 769 339 920 393">
     <span class='ocr_line' id='line_1_1' title="bbox 769 339 920 393; baseline -0.007 -1"><span class='ocrx_word' id='word_1_1' title='bbox 769 339 920 393; x_wconf 81' lang='lat' dir='ltr'>XXVIII</span> 
     </span>
    </p>
   </div>
   <div class='ocr_carea' id='block_1_2' title="bbox 271 497 1433 3169">
    <p class='ocr_par' dir='ltr' id='par_1_2' title="bbox 271 497 1433 3169">
     <span class='ocr_line' id='line_1_2' title="bbox 273 497 1432 587; baseline -0.004 -16"><span class='ocrx_word' id='word_1_2' title='bbox 273 509 387 584; x_wconf 90' lang='lat' dir='ltr'><strong>nisset,</strong></span> <span class='ocrx_word' id='word_1_3' title='bbox 409 515 444 568; x_wconf 92' lang='lat' dir='ltr'><strong>ut</strong></span> <span class='ocrx_word' id='word_1_4' title='bbox 465 523 524 586; x_wconf 87' lang='lat' dir='ltr'><strong>per</strong></span> <span class='ocrx_word' id='word_1_5' title='bbox 546 501 740 587; x_wconf 89' lang='lat' dir='ltr'><strong>triumphum</strong></span> <span class='ocrx_word' id='word_1_6' title='bbox 761 500 947 580; x_wconf 75' lang='lat' dir='ltr'><strong>deserente,</strong></span> <span class='ocrx_word' id='word_1_7' title='bbox 970 501 1058 566; x_wconf 88' lang='lat' dir='ltr'><strong>Suid.</strong></span> <span class='ocrx_word' id='word_1_8' title='bbox 1079 523 1105 566; x_wconf 92' lang='lat' dir='ltr'><strong>s.</strong></span> <span class='ocrx_word' id='word_1_9' title='bbox 1123 520 1153 566; x_wconf 82' lang='lat' dir='ltr'><strong>r.</strong></span> <span class='ocrx_word' id='word_1_10' title='bbox 1174 497 1310 586; x_wconf 72' lang='grc' dir='ltr'><strong><em>Ἰόβας,</em></strong></span> <span class='ocrx_word' id='word_1_11' title='bbox 1332 523 1432 567; x_wconf 88' lang='lat' dir='ltr'><strong>cum-</strong></span> 
     </span>
     <span class='ocr_line' id='line_1_3' title="bbox 272 606 1433 695; baseline 0 -23"><span class='ocrx_word' id='word_1_12' title='bbox 272 631 334 695; x_wconf 88' lang='lat' dir='ltr'><strong>que</strong></span> <span class='ocrx_word' id='word_1_13' title='bbox 355 629 388 671; x_wconf 92' lang='lat' dir='ltr'><strong>se</strong></span> <span class='ocrx_word' id='word_1_14' title='bbox 412 618 514 672; x_wconf 89' lang='lat' dir='ltr'><strong>totum</strong></span> <span class='ocrx_word' id='word_1_15' title='bbox 537 620 610 690; x_wconf 90' lang='lat' dir='ltr'><strong>post</strong></span> <span class='ocrx_word' id='word_1_16' title='bbox 633 606 739 671; x_wconf 88' lang='lat' dir='ltr'><strong>studio</strong></span> <span class='ocrx_word' id='word_1_17' title='bbox 762 607 925 669; x_wconf 91' lang='lat' dir='ltr'><strong>literarum</strong></span> <span class='ocrx_word' id='word_1_18' title='bbox 946 606 1135 686; x_wconf 71' lang='lat' dir='ltr'><strong>dedidisset,</strong></span> <span class='ocrx_word' id='word_1_19' title='bbox 1164 618 1197 669; x_wconf 89' lang='lat' dir='ltr'><strong>et</strong></span> <span class='ocrx_word' id='word_1_20' title='bbox 1218 606 1297 670; x_wconf 88' lang='lat' dir='ltr'><strong>alics</strong></span> <span class='ocrx_word' id='word_1_21' title='bbox 1321 610 1433 672; x_wconf 90' lang='lat' dir='ltr'><strong>histo·</strong></span> 
     </span>
     <span class='ocr_line' id='line_1_4' title="bbox 272 709 1432 791; baseline -0.003 -16"><span class='ocrx_word' id='word_1_22' title='bbox 272 713 353 775; x_wconf 81' lang='lat' dir='ltr'><strong>risos</strong></span> <span class='ocrx_word' id='word_1_23' title='bbox 367 712 476 790; x_wconf 90' lang='lat' dir='ltr'><strong>libros,</strong></span> <span class='ocrx_word' id='word_1_24' title='bbox 499 709 579 774; x_wconf 86' lang='lat' dir='ltr'><strong>Plio.</strong></span> <span class='ocrx_word' id='word_1_25' title='bbox 592 711 667 773; x_wconf 88' lang='lat' dir='ltr'><strong>Nat.</strong></span> <span class='ocrx_word' id='word_1_26' title='bbox 682 710 764 772; x_wconf 85' lang='lat' dir='ltr'><strong>Hist.</strong></span> <span class='ocrx_word' id='word_1_27' title='bbox 779 710 835 787; x_wconf 88' lang='lat' dir='ltr'><strong>Vl,</strong></span> <span class='ocrx_word' id='word_1_28' title='bbox 846 711 900 771; x_wconf 75' lang='lat' dir='ltr'><strong>st.</strong></span> <span class='ocrx_word' id='word_1_29' title='bbox 920 709 1005 789; x_wconf 91' lang='lat' dir='ltr'><strong>Vlll,</strong></span> <span class='ocrx_word' id='word_1_30' title='bbox 1018 713 1050 772; x_wconf 87' lang='grc'><strong>3.</strong></span> <span class='ocrx_word' id='word_1_31' title='bbox 1076 710 1193 772; x_wconf 88' lang='lat' dir='ltr'><strong>Athen.</strong></span> <span class='ocrx_word' id='word_1_32' title='bbox 1204 709 1256 772; x_wconf 90' lang='lat' dir='ltr'><strong>lll.</strong></span> <span class='ocrx_word' id='word_1_33' title='bbox 1274 733 1308 791; x_wconf 90' lang='lat' dir='ltr'><strong>p.</strong></span> <span class='ocrx_word' id='word_1_34' title='bbox 1324 714 1370 776; x_wconf 81' lang='lat'><strong>83</strong></span> <span class='ocrx_word' id='word_1_35' title='bbox 1388 711 1432 790; x_wconf 90' lang='lat' dir='ltr'><strong>B,</strong></span> 
     </span>
     <span class='ocr_line' id='line_1_5' title="bbox 272 809 1432 900; baseline -0.002 -22"><span class='ocrx_word' id='word_1_36' title='bbox 272 828 304 879; x_wconf 91' lang='lat' dir='ltr'><strong>et</strong></span> <span class='ocrx_word' id='word_1_37' title='bbox 325 809 512 900; x_wconf 74' lang='grc' dir='ltr'><strong><em>θεατρικήν</em></strong></span> <span class='ocrx_word' id='word_1_38' title='bbox 535 813 687 898; x_wconf 72' lang='grc' dir='ltr'><strong>ἱστορίαν</strong></span> <span class='ocrx_word' id='word_1_39' title='bbox 713 811 856 892; x_wconf 87' lang='lat' dir='ltr'><strong>scripsit,</strong></span> <span class='ocrx_word' id='word_1_40' title='bbox 884 815 970 890; x_wconf 83' lang='lat' dir='ltr'><strong>cuius</strong></span> <span class='ocrx_word' id='word_1_41' title='bbox 996 812 1112 874; x_wconf 85' lang='lat' dir='ltr'><strong>librum</strong></span> <span class='ocrx_word' id='word_1_42' title='bbox 1139 812 1308 894; x_wconf 86' lang='lat' dir='ltr'><strong>septimum</strong></span> <span class='ocrx_word' id='word_1_43' title='bbox 1336 813 1432 876; x_wconf 87' lang='lat' dir='ltr'><strong>deci·</strong></span> 
     </span>
     <span class='ocr_line' id='line_1_6' title="bbox 272 913 1431 1000; baseline -0.003 -18"><span class='ocrx_word' id='word_1_44' title='bbox 272 940 357 982; x_wconf 85' lang='lat' dir='ltr'><strong>tuum</strong></span> <span class='ocrx_word' id='word_1_45' title='bbox 379 919 508 981; x_wconf 87' lang='lat' dir='ltr'><strong>Photins</strong></span> <span class='ocrx_word' id='word_1_46' title='bbox 525 918 558 980; x_wconf 92' lang='lat' dir='ltr'><strong>in</strong></span> <span class='ocrx_word' id='word_1_47' title='bbox 578 916 730 980; x_wconf 87' lang='lat' dir='ltr'><strong>Biblioth.</strong></span> <span class='ocrx_word' id='word_1_48' title='bbox 744 919 802 978; x_wconf 87' lang='lat'><strong>161</strong></span> <span class='ocrx_word' id='word_1_49' title='bbox 827 913 944 978; x_wconf 87' lang='lat' dir='ltr'><strong>laudat.</strong></span> <span class='ocrx_word' id='word_1_50' title='bbox 987 917 1024 978; x_wconf 91' lang='lat' dir='ltr'><strong>In</strong></span> <span class='ocrx_word' id='word_1_51' title='bbox 1041 937 1105 1000; x_wconf 87' lang='lat' dir='ltr'><strong>qna</strong></span> <span class='ocrx_word' id='word_1_52' title='bbox 1125 915 1278 996; x_wconf 79' lang='lat' dir='ltr'>originem</span> <span class='ocrx_word' id='word_1_53' title='bbox 1300 916 1431 979; x_wconf 85' lang='lat' dir='ltr'><strong>instru-</strong></span> 
     </span>
     <span class='ocr_line' id='line_1_7' title="bbox 271 1016 1430 1105; baseline -0.002 -21"><span class='ocrx_word' id='word_1_54' title='bbox 271 1033 460 1099; x_wconf 88' lang='lat' dir='ltr'><strong>mentorum,</strong></span> <span class='ocrx_word' id='word_1_55' title='bbox 479 1020 594 1105; x_wconf 83' lang='lat' dir='ltr'><strong>quibus</strong></span> <span class='ocrx_word' id='word_1_56' title='bbox 614 1016 737 1083; x_wconf 69' lang='lat' dir='ltr'><strong>ueteres</strong></span> <span class='ocrx_word' id='word_1_57' title='bbox 756 1018 935 1096; x_wconf 87' lang='lat' dir='ltr'><strong>utebantur,</strong></span> <span class='ocrx_word' id='word_1_58' title='bbox 956 1019 996 1080; x_wconf 87' lang='lat' dir='ltr'><strong>ab</strong></span> <span class='ocrx_word' id='word_1_59' title='bbox 1017 1018 1136 1080; x_wconf 83' lang='lat' dir='ltr'><strong>exteris</strong></span> <span class='ocrx_word' id='word_1_60' title='bbox 1152 1019 1298 1098; x_wconf 87' lang='lat' dir='ltr'><strong>gentihus</strong></span> <span class='ocrx_word' id='word_1_61' title='bbox 1315 1019 1430 1082; x_wconf 89' lang='lat' dir='ltr'><strong>duxit.</strong></span> 
     </span>
     <span class='ocr_line' id='line_1_8' title="bbox 271 1121 1429 1207; baseline 0.003 -22"><span class='ocrx_word' id='word_1_62' title='bbox 271 1125 388 1186; x_wconf 88' lang='lat' dir='ltr'><strong>Athen.</strong></span> <span class='ocrx_word' id='word_1_63' title='bbox 407 1126 466 1188; x_wconf 89' lang='lat' dir='ltr'><strong>tv.</strong></span> <span class='ocrx_word' id='word_1_64' title='bbox 493 1147 527 1207; x_wconf 91' lang='lat' dir='ltr'><strong>p.</strong></span> <span class='ocrx_word' id='word_1_65' title='bbox 551 1127 612 1188; x_wconf 83' lang='grc'><strong>176</strong></span> <span class='ocrx_word' id='word_1_66' title='bbox 633 1125 675 1185; x_wconf 88' lang='lat' dir='ltr'><strong>D.</strong></span> <span class='ocrx_word' id='word_1_67' title='bbox 697 1124 733 1186; x_wconf 92' lang='lat' dir='ltr'><strong>E.</strong></span> <span class='ocrx_word' id='word_1_68' title='bbox 782 1123 898 1202; x_wconf 88' lang='lat' dir='ltr'><strong>Attigit</strong></span> <span class='ocrx_word' id='word_1_69' title='bbox 920 1121 1043 1203; x_wconf 86' lang='lat' dir='ltr'><strong>singula</strong></span> <span class='ocrx_word' id='word_1_70' title='bbox 1063 1123 1256 1187; x_wconf 85' lang='lat' dir='ltr'><strong>scenicarum</strong></span> <span class='ocrx_word' id='word_1_71' title='bbox 1277 1126 1429 1188; x_wconf 86' lang='lat' dir='ltr'><strong>saltatio·</strong></span> 
     </span>
     <span class='ocr_line' id='line_1_9' title="bbox 272 1222 1428 1316; baseline 0.003 -26"><span class='ocrx_word' id='word_1_72' title='bbox 272 1249 347 1291; x_wconf 83' lang='lat' dir='ltr'><strong>nttm</strong></span> <span class='ocrx_word' id='word_1_73' title='bbox 368 1249 499 1310; x_wconf 88' lang='lat' dir='ltr'><strong>genera,</strong></span> <span class='ocrx_word' id='word_1_74' title='bbox 519 1228 675 1312; x_wconf 81' lang='lat' dir='ltr'><strong>Hesychia</strong></span> <span class='ocrx_word' id='word_1_75' title='bbox 697 1239 777 1290; x_wconf 88' lang='lat' dir='ltr'><strong>teste</strong></span> <span class='ocrx_word' id='word_1_76' title='bbox 798 1248 823 1290; x_wconf 91' lang='lat' dir='ltr'><strong>s.</strong></span> <span class='ocrx_word' id='word_1_77' title='bbox 844 1249 876 1290; x_wconf 82' lang='lat' dir='ltr'><strong>r.</strong></span> <span class='ocrx_word' id='word_1_78' title='bbox 898 1226 1077 1294; x_wconf 79' lang='grc' dir='ltr'><strong><em>Κίοίτιοια·</em></strong></span> <span class='ocrx_word' id='word_1_79' title='bbox 1101 1222 1254 1316; x_wconf 74' lang='grc' dir='ltr'><strong><em>ὄρχησις,</em></strong></span> <span class='ocrx_word' id='word_1_80' title='bbox 1282 1222 1327 1301; x_wconf 76' lang='lat' dir='ltr'><strong>nic</strong></span> <span class='ocrx_word' id='word_1_81' title='bbox 1349 1223 1428 1294; x_wconf 88' lang='grc' dir='ltr'><strong>Ἰό-</strong></span> 
     </span>
     <span class='ocr_line' id='line_1_10' title="bbox 271 1328 1427 1420; baseline -0.004 -22"><span class='ocrx_word' id='word_1_82' title='bbox 271 1334 339 1416; x_wconf 79' lang='grc' dir='ltr'><strong><em>βατ</em></strong></span> <span class='ocrx_word' id='word_1_83' title='bbox 360 1336 397 1399; x_wconf 81' lang='grc' dir='ltr'><strong><em>ἒν</em></strong></span> <span class='ocrx_word' id='word_1_84' title='bbox 418 1328 565 1420; x_wconf 78' lang='grc' dir='ltr'><strong><em>τετάρτῳ</em></strong></span> <span class='ocrx_word' id='word_1_85' title='bbox 588 1333 793 1418; x_wconf 59' lang='lat' dir='ltr'><strong>esseorum.</strong></span> <span class='ocrx_word' id='word_1_86' title='bbox 834 1329 987 1394; x_wconf 85' lang='lat' dir='ltr'><strong>Addimus</strong></span> <span class='ocrx_word' id='word_1_87' title='bbox 1001 1332 1105 1394; x_wconf 88' lang='lat' dir='ltr'><strong>locum</strong></span> <span class='ocrx_word' id='word_1_88' title='bbox 1120 1331 1226 1394; x_wconf 88' lang='lat' dir='ltr'><strong>Schol.</strong></span> <span class='ocrx_word' id='word_1_89' title='bbox 1241 1331 1361 1396; x_wconf 72' lang='lat' dir='ltr'><strong>Rauen.</strong></span> <span class='ocrx_word' id='word_1_90' title='bbox 1379 1331 1427 1394; x_wconf 88' lang='lat' dir='ltr'><strong>ad</strong></span> 
     </span>
     <span class='ocr_line' id='line_1_11' title="bbox 272 1434 1426 1518; baseline 0.002 -22"><span class='ocrx_word' id='word_1_91' title='bbox 272 1435 435 1517; x_wconf 88' lang='lat' dir='ltr'><strong>Aristoph.</strong></span> <span class='ocrx_word' id='word_1_92' title='bbox 450 1438 529 1499; x_wconf 85' lang='lat' dir='ltr'><strong>llan.</strong></span> <span class='ocrx_word' id='word_1_93' title='bbox 549 1438 650 1516; x_wconf 79' lang='lat'><strong>11153</strong></span> <span class='ocrx_word' id='word_1_94' title='bbox 671 1435 810 1518; x_wconf 88' lang='lat' dir='ltr'><strong>itemque</strong></span> <span class='ocrx_word' id='word_1_95' title='bbox 827 1435 981 1498; x_wconf 75' lang='lat' dir='ltr'><strong>Athenaei</strong></span> <span class='ocrx_word' id='word_1_96' title='bbox 995 1437 1016 1497; x_wconf 91' lang='lat' dir='ltr'><strong>l.</strong></span> <span class='ocrx_word' id='word_1_97' title='bbox 1032 1437 1055 1497; x_wconf 96' lang='lat' dir='ltr'><strong>l.</strong></span> <span class='ocrx_word' id='word_1_98' title='bbox 1071 1456 1106 1517; x_wconf 91' lang='lat' dir='ltr'><strong>p.</strong></span> <span class='ocrx_word' id='word_1_99' title='bbox 1120 1436 1183 1497; x_wconf 85' lang='grc'><strong>177</strong></span> <span class='ocrx_word' id='word_1_100' title='bbox 1193 1436 1233 1497; x_wconf 84' lang='lat' dir='ltr'><strong>A.</strong></span> <span class='ocrx_word' id='word_1_101' title='bbox 1254 1455 1287 1516; x_wconf 88' lang='lat' dir='ltr'><strong>p.</strong></span> <span class='ocrx_word' id='word_1_102' title='bbox 1299 1439 1364 1500; x_wconf 79' lang='lat'><strong>183</strong></span> <span class='ocrx_word' id='word_1_103' title='bbox 1385 1434 1426 1498; x_wconf 78' lang='grc' dir='ltr'><strong>Ο.</strong></span> 
     </span>
     <span class='ocr_line' id='line_1_12' title="bbox 271 1537 1426 1620; baseline 0 -21"><span class='ocrx_word' id='word_1_104' title='bbox 271 1537 414 1600; x_wconf 88' lang='lat' dir='ltr'><strong>Eundem</strong></span> <span class='ocrx_word' id='word_1_105' title='bbox 436 1539 610 1604; x_wconf 76' lang='lat' dir='ltr'><strong>Scholiasta</strong></span> <span class='ocrx_word' id='word_1_106' title='bbox 630 1539 672 1603; x_wconf 88' lang='lat' dir='ltr'><strong>ad</strong></span> <span class='ocrx_word' id='word_1_107' title='bbox 693 1539 858 1602; x_wconf 90' lang='lat' dir='ltr'><strong>Demosth.</strong></span> <span class='ocrx_word' id='word_1_108' title='bbox 884 1539 924 1602; x_wconf 92' lang='lat' dir='ltr'><strong>de</strong></span> <span class='ocrx_word' id='word_1_109' title='bbox 952 1539 1035 1602; x_wconf 76' lang='lat' dir='ltr'><strong>Feli.</strong></span> <span class='ocrx_word' id='word_1_110' title='bbox 1055 1539 1165 1619; x_wconf 80' lang='lat' dir='ltr'><strong>Legat.</strong></span> <span class='ocrx_word' id='word_1_111' title='bbox 1186 1559 1219 1620; x_wconf 92' lang='lat' dir='ltr'><strong>p.</strong></span> <span class='ocrx_word' id='word_1_112' title='bbox 1239 1539 1304 1602; x_wconf 80' lang='lat'><strong>25³</strong></span> <span class='ocrx_word' id='word_1_113' title='bbox 1332 1538 1426 1616; x_wconf 86' lang='lat' dir='ltr'><strong>citat,</strong></span> 
     </span>
     <span class='ocr_line' id='line_1_13' title="bbox 272 1637 1425 1727; baseline 0.014 -25"><span class='ocrx_word' id='word_1_114' title='bbox 272 1641 329 1725; x_wconf 89' lang='lat' dir='ltr'><strong>qui</strong></span> <span class='ocrx_word' id='word_1_115' title='bbox 358 1641 487 1724; x_wconf 88' lang='lat' dir='ltr'><strong>quidem</strong></span> <span class='ocrx_word' id='word_1_116' title='bbox 518 1643 623 1707; x_wconf 82' lang='lat' dir='ltr'><strong>verbis</strong></span> <span class='ocrx_word' id='word_1_117' title='bbox 652 1637 670 1711; x_wconf 82' lang='grc' dir='ltr'>ὁ</span> <span class='ocrx_word' id='word_1_118' title='bbox 700 1640 763 1718; x_wconf 79' lang='lat' dir='ltr'><strong>scic</strong></span> <span class='ocrx_word' id='word_1_119' title='bbox 793 1637 980 1727; x_wconf 76' lang='grc' dir='ltr'><strong><em>θιατρικιὶς</em></strong></span> <span class='ocrx_word' id='word_1_120' title='bbox 1010 1643 1160 1727; x_wconf 75' lang='grc' dir='ltr'><strong><em>ἱστορίαι</em></strong></span> <span class='ocrx_word' id='word_1_121' title='bbox 1187 1641 1323 1727; x_wconf 65' lang='grc' dir='ltr'><strong><em>γράψον</em></strong></span> <span class='ocrx_word' id='word_1_122' title='bbox 1352 1660 1425 1702; x_wconf 79' lang='lat'>¹¹⁰⁰</span> 
     </span>
     <span class='ocr_line' id='line_1_14' title="bbox 271 1741 1425 1826; baseline -0.003 -19"><span class='ocrx_word' id='word_1_123' title='bbox 271 1743 498 1826; x_wconf 79' lang='lat' dir='ltr'><strong>Asclepiadem,</strong></span> <span class='ocrx_word' id='word_1_124' title='bbox 520 1757 556 1807; x_wconf 91' lang='lat' dir='ltr'><strong>nt</strong></span> <span class='ocrx_word' id='word_1_125' title='bbox 576 1741 805 1809; x_wconf 84' lang='lat' dir='ltr'><strong>Valckenar.</strong></span> <span class='ocrx_word' id='word_1_126' title='bbox 824 1744 859 1808; x_wconf 93' lang='lat' dir='ltr'><strong>in</strong></span> <span class='ocrx_word' id='word_1_127' title='bbox 878 1744 983 1806; x_wconf 90' lang='lat' dir='ltr'><strong>Distr.</strong></span> <span class='ocrx_word' id='word_1_128' title='bbox 1005 1765 1039 1825; x_wconf 84' lang='lat' dir='ltr'><strong>p.</strong></span> <span class='ocrx_word' id='word_1_129' title='bbox 1053 1744 1159 1806; x_wconf 78' lang='lat' dir='ltr'>¹82ss</span> <span class='ocrx_word' id='word_1_130' title='bbox 1181 1742 1340 1824; x_wconf 90' lang='lat' dir='ltr'><strong>opinatur,</strong></span> <span class='ocrx_word' id='word_1_131' title='bbox 1361 1741 1425 1804; x_wconf 90' lang='lat' dir='ltr'><strong>sed</strong></span> 
     </span>
     <span class='ocr_line' id='line_1_15' title="bbox 271 1844 1426 1928; baseline -0.003 -18"><span class='ocrx_word' id='word_1_132' title='bbox 271 1849 383 1910; x_wconf 81' lang='lat' dir='ltr'><strong>Iubam</strong></span> <span class='ocrx_word' id='word_1_133' title='bbox 405 1847 567 1928; x_wconf 84' lang='lat' dir='ltr'><strong>significat.</strong></span> <span class='ocrx_word' id='word_1_134' title='bbox 610 1847 880 1925; x_wconf 85' lang='lat' dir='ltr'><strong>Quemadmodum</strong></span> <span class='ocrx_word' id='word_1_135' title='bbox 901 1847 999 1928; x_wconf 89' lang='lat' dir='ltr'><strong>igitur</strong></span> <span class='ocrx_word' id='word_1_136' title='bbox 1021 1846 1146 1928; x_wconf 89' lang='lat' dir='ltr'><strong>copiose</strong></span> <span class='ocrx_word' id='word_1_137' title='bbox 1166 1844 1205 1908; x_wconf 93' lang='lat' dir='ltr'><strong>de</strong></span> <span class='ocrx_word' id='word_1_138' title='bbox 1226 1845 1353 1907; x_wconf 77' lang='lat' dir='ltr'><strong>musicis</strong></span> <span class='ocrx_word' id='word_1_139' title='bbox 1371 1846 1426 1907; x_wconf 91' lang='lat' dir='ltr'><strong>in-</strong></span> 
     </span>
     <span class='ocr_line' id='line_1_16' title="bbox 272 1949 1426 2035; baseline -0.003 -20"><span class='ocrx_word' id='word_1_140' title='bbox 272 1952 454 2015; x_wconf 82' lang='lat' dir='ltr'><strong>strumentis</strong></span> <span class='ocrx_word' id='word_1_141' title='bbox 486 1951 566 2031; x_wconf 85' lang='lat' dir='ltr'><strong>egit,</strong></span> <span class='ocrx_word' id='word_1_142' title='bbox 602 1951 759 2035; x_wconf 88' lang='lat' dir='ltr'><strong>reliquum</strong></span> <span class='ocrx_word' id='word_1_143' title='bbox 791 1972 901 2014; x_wconf 86' lang='lat' dir='ltr'><strong>scenae</strong></span> <span class='ocrx_word' id='word_1_144' title='bbox 934 1962 1121 2033; x_wconf 83' lang='lat' dir='ltr'><strong>apparatum</strong></span> <span class='ocrx_word' id='word_1_145' title='bbox 1156 1968 1250 2031; x_wconf 89' lang='lat' dir='ltr'><strong>quam</strong></span> <span class='ocrx_word' id='word_1_146' title='bbox 1280 1949 1426 2014; x_wconf 68' lang='lat' dir='ltr'><strong>malma</strong></span> 
     </span>
     <span class='ocr_line' id='line_1_17' title="bbox 272 2051 1425 2134; baseline -0.002 -17"><span class='ocrx_word' id='word_1_147' title='bbox 272 2053 431 2117; x_wconf 83' lang='lat' dir='ltr'><strong>doctrinae</strong></span> <span class='ocrx_word' id='word_1_148' title='bbox 450 2053 542 2134; x_wconf 83' lang='lat' dir='ltr'><strong>eopia</strong></span> <span class='ocrx_word' id='word_1_149' title='bbox 562 2064 744 2134; x_wconf 84' lang='lat' dir='ltr'><strong>persecutus</strong></span> <span class='ocrx_word' id='word_1_150' title='bbox 764 2052 901 2116; x_wconf 82' lang='lat' dir='ltr'><strong>ridetur.</strong></span> <span class='ocrx_word' id='word_1_151' title='bbox 945 2054 1046 2116; x_wconf 78' lang='lat' dir='ltr'><strong>Porro</strong></span> <span class='ocrx_word' id='word_1_152' title='bbox 1060 2051 1287 2132; x_wconf 87' lang='lat' dir='ltr'><strong>Hephaestioni</strong></span> <span class='ocrx_word' id='word_1_153' title='bbox 1305 2051 1425 2115; x_wconf 85' lang='lat' dir='ltr'><strong>Suidas</strong></span> 
     </span>
     <span class='ocr_line' id='line_1_18' title="bbox 272 2149 1424 2241; baseline -0.003 -23"><span class='ocrx_word' id='word_1_154' title='bbox 272 2175 298 2218; x_wconf 89' lang='lat' dir='ltr'><strong>s.</strong></span> <span class='ocrx_word' id='word_1_155' title='bbox 320 2177 351 2220; x_wconf 84' lang='grc' dir='ltr'><strong>τ.</strong></span> <span class='ocrx_word' id='word_1_156' title='bbox 370 2149 584 2240; x_wconf 74' lang='grc' dir='ltr'><strong><em>Ἡφαιστίων</em></strong></span> <span class='ocrx_word' id='word_1_157' title='bbox 605 2149 767 2241; x_wconf 72' lang='grc' dir='ltr'><strong><em>τραγικὰς</em></strong></span> <span class='ocrx_word' id='word_1_158' title='bbox 787 2154 901 2232; x_wconf 74' lang='lat' dir='ltr'><strong>Adesse</strong></span> <span class='ocrx_word' id='word_1_159' title='bbox 920 2155 1067 2236; x_wconf 74' lang='lat' dir='ltr'><strong>assigna.</strong></span> <span class='ocrx_word' id='word_1_160' title='bbox 1110 2155 1285 2236; x_wconf 83' lang='lat' dir='ltr'><strong>Telephus,</strong></span> <span class='ocrx_word' id='word_1_161' title='bbox 1314 2175 1424 2234; x_wconf 85' lang='lat' dir='ltr'><strong>gram·</strong></span> 
     </span>
     <span class='ocr_line' id='line_1_19' title="bbox 272 2256 1425 2339; baseline -0.003 -17"><span class='ocrx_word' id='word_1_162' title='bbox 272 2257 403 2322; x_wconf 88' lang='lat' dir='ltr'><strong>maticus</strong></span> <span class='ocrx_word' id='word_1_163' title='bbox 430 2259 657 2337; x_wconf 75' lang='lat' dir='ltr'><strong>Pergamenus,</strong></span> <span class='ocrx_word' id='word_1_164' title='bbox 683 2277 779 2339; x_wconf 87' lang='lat' dir='ltr'><strong>quem</strong></span> <span class='ocrx_word' id='word_1_165' title='bbox 807 2258 844 2322; x_wconf 78' lang='lat'><strong>1.</strong></span> <span class='ocrx_word' id='word_1_166' title='bbox 865 2259 945 2321; x_wconf 85' lang='lat' dir='ltr'><strong>Veri</strong></span> <span class='ocrx_word' id='word_1_167' title='bbox 968 2258 1077 2321; x_wconf 86' lang='lat' dir='ltr'><strong>dicunt</strong></span> <span class='ocrx_word' id='word_1_168' title='bbox 1100 2257 1285 2338; x_wconf 86' lang='lat' dir='ltr'><strong>magistrum</strong></span> <span class='ocrx_word' id='word_1_169' title='bbox 1312 2256 1425 2336; x_wconf 87' lang='lat' dir='ltr'><strong>luisse,</strong></span> 
     </span>
     <span class='ocr_line' id='line_1_20' title="bbox 274 2358 1423 2446; baseline 0 -24"><span class='ocrx_word' id='word_1_170' title='bbox 274 2359 445 2441; x_wconf 83' lang='lat' dir='ltr'><strong>Capitolio.</strong></span> <span class='ocrx_word' id='word_1_171' title='bbox 458 2359 528 2423; x_wconf 87' lang='lat' dir='ltr'><strong>Vit.</strong></span> <span class='ocrx_word' id='word_1_172' title='bbox 541 2360 617 2423; x_wconf 89' lang='lat' dir='ltr'><strong>Luc.</strong></span> <span class='ocrx_word' id='word_1_173' title='bbox 631 2358 721 2440; x_wconf 87' lang='lat' dir='ltr'><strong>Veri,</strong></span> <span class='ocrx_word' id='word_1_174' title='bbox 742 2360 842 2444; x_wconf 78' lang='grc' dir='ltr'><strong><em>βιόας</em></strong></span> <span class='ocrx_word' id='word_1_175' title='bbox 860 2363 1025 2446; x_wconf 74' lang='grc' dir='ltr'><strong>τραγικῶν</strong></span> <span class='ocrx_word' id='word_1_176' title='bbox 1041 2360 1266 2443; x_wconf 65' lang='lat' dir='ltr'><strong>salsamenta</strong></span> <span class='ocrx_word' id='word_1_177' title='bbox 1282 2359 1423 2441; x_wconf 82' lang='lat' dir='ltr'><strong>scripsit.</strong></span> 
     </span>
     <span class='ocr_line' id='line_1_21' title="bbox 273 2459 1422 2548; baseline -0.001 -23"><span class='ocrx_word' id='word_1_178' title='bbox 273 2461 361 2525; x_wconf 87' lang='lat' dir='ltr'><strong>Suid.</strong></span> <span class='ocrx_word' id='word_1_179' title='bbox 382 2483 407 2526; x_wconf 86' lang='lat' dir='ltr'><strong>s.</strong></span> <span class='ocrx_word' id='word_1_180' title='bbox 422 2484 453 2526; x_wconf 83' lang='lat' dir='ltr'><strong>r.</strong></span> <span class='ocrx_word' id='word_1_181' title='bbox 481 2459 643 2548; x_wconf 74' lang='grc' dir='ltr'><strong>Τήλοφος.</strong></span> <span class='ocrx_word' id='word_1_182' title='bbox 685 2462 821 2544; x_wconf 79' lang='lat' dir='ltr'><strong>Sopater</strong></span> <span class='ocrx_word' id='word_1_183' title='bbox 842 2464 992 2545; x_wconf 89' lang='lat' dir='ltr'><strong>sophista,</strong></span> <span class='ocrx_word' id='word_1_184' title='bbox 1014 2465 1154 2547; x_wconf 86' lang='lat' dir='ltr'><strong>aequalis</strong></span> <span class='ocrx_word' id='word_1_185' title='bbox 1175 2463 1364 2542; x_wconf 83' lang='lat' dir='ltr'><strong>Caraccllae,</strong></span> <span class='ocrx_word' id='word_1_186' title='bbox 1385 2464 1422 2524; x_wconf 88' lang='lat' dir='ltr'><strong>iu</strong></span> 
     </span>
     <span class='ocr_line' id='line_1_22' title="bbox 273 2563 1424 2651; baseline 0.003 -25"><span class='ocrx_word' id='word_1_187' title='bbox 273 2575 389 2647; x_wconf 91' lang='lat' dir='ltr'><strong>quarto</strong></span> <span class='ocrx_word' id='word_1_188' title='bbox 407 2575 441 2626; x_wconf 90' lang='lat' dir='ltr'><strong>et</strong></span> <span class='ocrx_word' id='word_1_189' title='bbox 462 2563 575 2647; x_wconf 90' lang='lat' dir='ltr'><strong>quinto</strong></span> <span class='ocrx_word' id='word_1_190' title='bbox 590 2567 774 2647; x_wconf 89' lang='lat' dir='ltr'><strong>Eclogarum</strong></span> <span class='ocrx_word' id='word_1_191' title='bbox 795 2568 879 2630; x_wconf 91' lang='lat' dir='ltr'><strong>libro</strong></span> <span class='ocrx_word' id='word_1_192' title='bbox 900 2567 939 2631; x_wconf 91' lang='lat' dir='ltr'><strong>de</strong></span> <span class='ocrx_word' id='word_1_193' title='bbox 960 2568 1087 2648; x_wconf 80' lang='lat' dir='ltr'><strong>tragicis</strong></span> <span class='ocrx_word' id='word_1_194' title='bbox 1108 2567 1293 2651; x_wconf 84' lang='lat' dir='ltr'><strong>comicisque</strong></span> <span class='ocrx_word' id='word_1_195' title='bbox 1315 2565 1424 2649; x_wconf 80' lang='lat' dir='ltr'><strong>poesis</strong></span> 
     </span>
     <span class='ocr_line' id='line_1_23' title="bbox 274 2667 1423 2752; baseline 0.003 -23"><span class='ocrx_word' id='word_1_196' title='bbox 274 2667 349 2748; x_wconf 90' lang='lat' dir='ltr'><strong>egit.</strong></span> <span class='ocrx_word' id='word_1_197' title='bbox 389 2670 483 2731; x_wconf 90' lang='lat' dir='ltr'><strong>Phot.</strong></span> <span class='ocrx_word' id='word_1_198' title='bbox 500 2667 585 2732; x_wconf 86' lang='lat' dir='ltr'><strong>Bibl.</strong></span> <span class='ocrx_word' id='word_1_199' title='bbox 609 2672 680 2732; x_wconf 84' lang='lat'><strong>161.</strong></span> <span class='ocrx_word' id='word_1_200' title='bbox 723 2671 898 2751; x_wconf 86' lang='lat' dir='ltr'><strong>Eugenius,</strong></span> <span class='ocrx_word' id='word_1_201' title='bbox 918 2668 1084 2734; x_wconf 87' lang='lat' dir='ltr'><strong>Anastasio</strong></span> <span class='ocrx_word' id='word_1_202' title='bbox 1105 2683 1273 2752; x_wconf 88' lang='lat' dir='ltr'><strong>regnante,</strong></span> <span class='ocrx_word' id='word_1_203' title='bbox 1293 2670 1423 2752; x_wconf 85' lang='lat' dir='ltr'><strong>scripsit</strong></span> 
     </span>
     <span class='ocr_line' id='line_1_24' title="bbox 275 2768 1425 2863; baseline 0.003 -27"><span class='ocrx_word' id='word_1_204' title='bbox 275 2771 591 2856; x_wconf 77' lang='grc' dir='ltr'><strong><em>κωὶσμοτρίαντσὶν</em></strong></span> <span class='ocrx_word' id='word_1_205' title='bbox 610 2773 757 2856; x_wconf 70' lang='lat' dir='ltr'><strong>palescis</strong></span> <span class='ocrx_word' id='word_1_206' title='bbox 772 2769 958 2863; x_wconf 73' lang='grc' dir='ltr'><strong><em>Αἰσχύλου,</em></strong></span> <span class='ocrx_word' id='word_1_207' title='bbox 975 2776 1204 2859; x_wconf 71' lang='grc' dir='ltr'><strong>Σοφοκλέους,</strong></span> <span class='ocrx_word' id='word_1_208' title='bbox 1224 2768 1425 2856; x_wconf 74' lang='grc' dir='ltr'><strong><em>Εὐριπίδου</em></strong></span> 
     </span>
     <span class='ocr_line' id='line_1_25' title="bbox 275 2867 1422 2959; baseline 0.003 -21"><span class='ocrx_word' id='word_1_209' title='bbox 275 2867 345 2939; x_wconf 80' lang='lat' dir='ltr'><strong>tired</strong></span> <span class='ocrx_word' id='word_1_210' title='bbox 368 2870 551 2959; x_wconf 76' lang='grc' dir='ltr'><strong><em>δραμάτων</em></strong></span> <span class='ocrx_word' id='word_1_211' title='bbox 571 2867 607 2942; x_wconf 86' lang='lat' dir='ltr'><strong>rs&#39;</strong></span> <span class='ocrx_word' id='word_1_212' title='bbox 631 2917 641 2938; x_wconf 88' lang='lat'><strong>.</strong></span> <span class='ocrx_word' id='word_1_213' title='bbox 662 2917 671 2939; x_wconf 82' lang='lat'><strong>·</strong></span> <span class='ocrx_word' id='word_1_214' title='bbox 707 2879 808 2942; x_wconf 87' lang='lat' dir='ltr'><strong>Porro</strong></span> <span class='ocrx_word' id='word_1_215' title='bbox 828 2878 911 2940; x_wconf 87' lang='lat' dir='ltr'><strong>liber</strong></span> <span class='ocrx_word' id='word_1_216' title='bbox 930 2879 1095 2940; x_wconf 87' lang='lat' dir='ltr'><strong>Amaranti</strong></span> <span class='ocrx_word' id='word_1_217' title='bbox 1114 2875 1321 2940; x_wconf 79' lang='lat' dir='ltr'><strong>Alexandrini</strong></span> <span class='ocrx_word' id='word_1_218' title='bbox 1342 2878 1422 2959; x_wconf 81' lang='grc' dir='ltr'><strong><em>περὶ</em></strong></span> 
     </span>
     <span class='ocr_line' id='line_1_26' title="bbox 273 2974 1424 3063; baseline 0.001 -22"><span class='ocrx_word' id='word_1_219' title='bbox 273 2977 398 3058; x_wconf 77' lang='grc' dir='ltr'><strong><em>σκηνῆς</em></strong></span> <span class='ocrx_word' id='word_1_220' title='bbox 418 2974 503 3056; x_wconf 89' lang='lat' dir='ltr'><strong>apud</strong></span> <span class='ocrx_word' id='word_1_221' title='bbox 523 2977 639 3045; x_wconf 84' lang='lat' dir='ltr'><strong>Athen.</strong></span> <span class='ocrx_word' id='word_1_222' title='bbox 657 2981 742 3042; x_wconf 91' lang='lat' dir='ltr'><strong>Vlll.</strong></span> <span class='ocrx_word' id='word_1_223' title='bbox 762 3003 795 3062; x_wconf 90' lang='lat' dir='ltr'><strong>p.</strong></span> <span class='ocrx_word' id='word_1_224' title='bbox 809 2984 873 3046; x_wconf 82' lang='lat'><strong>343</strong></span> <span class='ocrx_word' id='word_1_225' title='bbox 889 2981 916 3045; x_wconf 89' lang='lat' dir='ltr'>F</span> <span class='ocrx_word' id='word_1_226' title='bbox 938 2994 970 3044; x_wconf 92' lang='lat' dir='ltr'><strong>et</strong></span> <span class='ocrx_word' id='word_1_227' title='bbox 992 2984 1035 3046; x_wconf 86' lang='lat' dir='ltr'><strong>X.</strong></span> <span class='ocrx_word' id='word_1_228' title='bbox 1057 3003 1091 3063; x_wconf 90' lang='lat' dir='ltr'><strong>p.</strong></span> <span class='ocrx_word' id='word_1_229' title='bbox 1107 2981 1214 3045; x_wconf 74' lang='lat' dir='ltr'><strong>ster</strong></span> <span class='ocrx_word' id='word_1_230' title='bbox 1234 2977 1424 3042; x_wconf 84' lang='lat' dir='ltr'><strong>commsm’o·</strong></span> 
     </span>
     <span class='ocr_line' id='line_1_27' title="bbox 275 3076 1423 3169; baseline 0.002 -29"><span class='ocrx_word' id='word_1_231' title='bbox 275 3085 375 3140; x_wconf 87' lang='lat' dir='ltr'><strong>ratu&#39;r.</strong></span> <span class='ocrx_word' id='word_1_232' title='bbox 419 3076 482 3155; x_wconf 86' lang='lat' dir='ltr'><strong>Qui</strong></span> <span class='ocrx_word' id='word_1_233' title='bbox 502 3080 630 3164; x_wconf 88' lang='lat' dir='ltr'><strong>quidem</strong></span> <span class='ocrx_word' id='word_1_234' title='bbox 653 3076 853 3165; x_wconf 78' lang='lat' dir='ltr'><strong>post&#39;tubss,</strong></span> <span class='ocrx_word' id='word_1_235' title='bbox 875 3107 969 3169; x_wconf 91' lang='lat' dir='ltr'><strong>quem</strong></span> <span class='ocrx_word' id='word_1_236' title='bbox 989 3083 1253 3157; x_wconf 83' lang='lat' dir='ltr'><strong>commemoravit,</strong></span> <span class='ocrx_word' id='word_1_237' title='bbox 1275 3093 1423 3160; x_wconf 86' lang='lat' dir='ltr'><strong>tempora</strong></span> 
     </span>
    </p>
   </div>
   <div class='ocr_carea' id='block_1_3' title="bbox 274 3177 1422 3366">
    <p class='ocr_par' dir='ltr' id='par_1_3' title="bbox 274 3177 1422 3366">
     <span class='ocr_line' id='line_1_28' title="bbox 274 3177 1422 3266; baseline 0.006 -22"><span class='ocrx_word' id='word_1_238' title='bbox 274 3179 368 3244; x_wconf 79' lang='lat' dir='ltr'><strong>vixit.</strong></span> <span class='ocrx_word' id='word_1_239' title='bbox 409 3181 465 3244; x_wconf 91' lang='lat' dir='ltr'><strong>Est</strong></span> <span class='ocrx_word' id='word_1_240' title='bbox 484 3183 603 3248; x_wconf 88' lang='lat' dir='ltr'><strong>incerta</strong></span> <span class='ocrx_word' id='word_1_241' title='bbox 619 3185 764 3249; x_wconf 84' lang='lat' dir='ltr'><strong>Nestoris</strong></span> <span class='ocrx_word' id='word_1_242' title='bbox 783 3198 878 3262; x_wconf 86' lang='lat' dir='ltr'><strong>aetas,</strong></span> <span class='ocrx_word' id='word_1_243' title='bbox 899 3189 986 3260; x_wconf 84' lang='lat' dir='ltr'><strong>cujus</strong></span> <span class='ocrx_word' id='word_1_244' title='bbox 1000 3177 1242 3266; x_wconf 70' lang='grc' dir='ltr'><strong><em>ὑπομνήματα</em></strong></span> <span class='ocrx_word' id='word_1_245' title='bbox 1255 3181 1422 3266; x_wconf 72' lang='grc' dir='ltr'><strong><em>θεατρικαί</em></strong></span> 
     </span>
     <span class='ocr_line' id='line_1_29' title="bbox 274 3282 1422 3366; baseline 0 -21"><span class='ocrx_word' id='word_1_246' title='bbox 274 3285 312 3346; x_wconf 90' lang='lat' dir='ltr'><strong>ah</strong></span> <span class='ocrx_word' id='word_1_247' title='bbox 333 3286 495 3348; x_wconf 87' lang='lat' dir='ltr'><strong>Athenaeo</strong></span> <span class='ocrx_word' id='word_1_248' title='bbox 507 3287 560 3348; x_wconf 82' lang='grc' dir='ltr'><strong>Χ.</strong></span> <span class='ocrx_word' id='word_1_249' title='bbox 579 3308 612 3364; x_wconf 89' lang='lat' dir='ltr'><strong>p.</strong></span> <span class='ocrx_word' id='word_1_250' title='bbox 627 3290 691 3346; x_wconf 84' lang='lat'><strong>415</strong></span> <span class='ocrx_word' id='word_1_251' title='bbox 715 3287 744 3346; x_wconf 83' lang='lat' dir='ltr'><strong>A</strong></span> <span class='ocrx_word' id='word_1_252' title='bbox 765 3287 862 3346; x_wconf 88' lang='lat' dir='ltr'><strong>semel</strong></span> <span class='ocrx_word' id='word_1_253' title='bbox 884 3283 1030 3346; x_wconf 84' lang='lat' dir='ltr'><strong>citantur.</strong></span> <span class='ocrx_word' id='word_1_254' title='bbox 1072 3283 1110 3346; x_wconf 91' lang='lat' dir='ltr'><strong>ln</strong></span> <span class='ocrx_word' id='word_1_255' title='bbox 1129 3282 1243 3366; x_wconf 83' lang='lat' dir='ltr'><strong>quibus</strong></span> <span class='ocrx_word' id='word_1_256' title='bbox 1263 3301 1422 3346; x_wconf 82' lang='lat' dir='ltr'><strong>sommen-</strong></span> 
     </span>
    </p>
   </div>
   <div class='ocr_carea' id='block_1_4' title="bbox 274 3384 1422 4298">
    <p class='ocr_par' dir='ltr' id='par_1_4' title="bbox 274 3384 1422 4298">
     <span class='ocr_line' id='line_1_30' title="bbox 274 3384 1422 3470; baseline 0.003 -22"><span class='ocrx_word' id='word_1_257' title='bbox 274 3385 363 3448; x_wconf 88' lang='lat' dir='ltr'><strong>tariis</strong></span> <span class='ocrx_word' id='word_1_258' title='bbox 384 3387 470 3470; x_wconf 89' lang='lat' dir='ltr'><strong>quod</strong></span> <span class='ocrx_word' id='word_1_259' title='bbox 490 3385 682 3448; x_wconf 90' lang='lat' dir='ltr'><strong>mentionem</strong></span> <span class='ocrx_word' id='word_1_260' title='bbox 702 3384 863 3450; x_wconf 89' lang='lat' dir='ltr'><strong>Herodori</strong></span> <span class='ocrx_word' id='word_1_261' title='bbox 884 3386 968 3467; x_wconf 87' lang='lat' dir='ltr'><strong>lecit,</strong></span> <span class='ocrx_word' id='word_1_262' title='bbox 989 3387 1047 3470; x_wconf 88' lang='lat' dir='ltr'><strong>qui</strong></span> <span class='ocrx_word' id='word_1_263' title='bbox 1066 3385 1163 3449; x_wconf 82' lang='lat' dir='ltr'><strong>aetati</strong></span> <span class='ocrx_word' id='word_1_264' title='bbox 1183 3386 1339 3449; x_wconf 89' lang='lat' dir='ltr'><strong>Demetrii</strong></span> <span class='ocrx_word' id='word_1_265' title='bbox 1358 3388 1422 3451; x_wconf 87' lang='lat' dir='ltr'><strong>Po·</strong></span> 
     </span>
     <span class='ocr_line' id='line_1_31' title="bbox 274 3486 1421 3574; baseline 0.005 -26"><span class='ocrx_word' id='word_1_266' title='bbox 274 3487 422 3552; x_wconf 85' lang='lat' dir='ltr'><strong>lioreetae</strong></span> <span class='ocrx_word' id='word_1_267' title='bbox 440 3509 559 3568; x_wconf 90' lang='lat' dir='ltr'><strong>suppar</strong></span> <span class='ocrx_word' id='word_1_268' title='bbox 577 3486 647 3565; x_wconf 86' lang='lat' dir='ltr'><strong>luit,</strong></span> <span class='ocrx_word' id='word_1_269' title='bbox 668 3490 785 3551; x_wconf 86' lang='lat' dir='ltr'><strong>Athen.</strong></span> <span class='ocrx_word' id='word_1_270' title='bbox 800 3492 823 3554; x_wconf 91' lang='lat' dir='ltr'><strong>l.</strong></span> <span class='ocrx_word' id='word_1_271' title='bbox 840 3493 873 3568; x_wconf 91' lang='lat' dir='ltr'><strong>l.,</strong></span> <span class='ocrx_word' id='word_1_272' title='bbox 894 3503 1037 3574; x_wconf 86' lang='lat' dir='ltr'><strong>apparet,</strong></span> <span class='ocrx_word' id='word_1_273' title='bbox 1057 3511 1129 3554; x_wconf 89' lang='lat' dir='ltr'><strong>eum</strong></span> <span class='ocrx_word' id='word_1_274' title='bbox 1144 3502 1217 3572; x_wconf 88' lang='lat' dir='ltr'><strong>poet</strong></span> <span class='ocrx_word' id='word_1_275' title='bbox 1236 3489 1321 3553; x_wconf 92' lang='lat' dir='ltr'><strong>illius</strong></span> <span class='ocrx_word' id='word_1_276' title='bbox 1334 3502 1421 3554; x_wconf 85' lang='lat' dir='ltr'><strong>aeta-</strong></span> 
     </span>
     <span class='ocr_line' id='line_1_32' title="bbox 275 3588 1421 3680; baseline 0.007 -27"><span class='ocrx_word' id='word_1_277' title='bbox 275 3603 338 3653; x_wconf 89' lang='lat' dir='ltr'><strong>tem</strong></span> <span class='ocrx_word' id='word_1_278' title='bbox 362 3593 486 3656; x_wconf 85' lang='lat' dir='ltr'><strong>vixisse.</strong></span> <span class='ocrx_word' id='word_1_279' title='bbox 534 3588 634 3653; x_wconf 85' lang='lat' dir='ltr'><strong>Rulus</strong></span> <span class='ocrx_word' id='word_1_280' title='bbox 657 3591 861 3673; x_wconf 89' lang='lat' dir='ltr'><strong>Apameensis</strong></span> <span class='ocrx_word' id='word_1_281' title='bbox 888 3595 1047 3680; x_wconf 77' lang='grc' dir='ltr'><strong><em>ποικίλην</em></strong></span> <span class='ocrx_word' id='word_1_282' title='bbox 1076 3592 1228 3680; x_wconf 81' lang='grc' dir='ltr'><strong><em>ἱστορίαν</em></strong></span> <span class='ocrx_word' id='word_1_283' title='bbox 1254 3593 1421 3680; x_wconf 74' lang='grc' dir='ltr'><strong><em>τραγικῶν</em></strong></span> 
     </span>
     <span class='ocr_line' id='line_1_33' title="bbox 274 3693 1420 3775; baseline -0.003 -16"><span class='ocrx_word' id='word_1_284' title='bbox 274 3717 312 3760; x_wconf 85' lang='grc' dir='ltr'><strong>το</strong></span> <span class='ocrx_word' id='word_1_285' title='bbox 343 3693 396 3758; x_wconf 82' lang='grc' dir='ltr'><strong><em>καί</em></strong></span> <span class='ocrx_word' id='word_1_286' title='bbox 426 3694 596 3775; x_wconf 79' lang='grc' dir='ltr'><strong><em>κωμικῶν,</em></strong></span> <span class='ocrx_word' id='word_1_287' title='bbox 626 3716 646 3758; x_wconf 90' lang='lat' dir='ltr'><strong>a</strong></span> <span class='ocrx_word' id='word_1_288' title='bbox 675 3696 789 3761; x_wconf 90' lang='lat' dir='ltr'><strong>Photio</strong></span> <span class='ocrx_word' id='word_1_289' title='bbox 818 3698 852 3761; x_wconf 92' lang='lat' dir='ltr'><strong>in</strong></span> <span class='ocrx_word' id='word_1_290' title='bbox 881 3697 959 3762; x_wconf 85' lang='lat' dir='ltr'><strong>Cod.</strong></span> <span class='ocrx_word' id='word_1_291' title='bbox 982 3701 1042 3761; x_wconf 85' lang='lat'><strong>161</strong></span> <span class='ocrx_word' id='word_1_292' title='bbox 1072 3695 1245 3774; x_wconf 89' lang='lat' dir='ltr'><strong>laudatam,</strong></span> <span class='ocrx_word' id='word_1_293' title='bbox 1277 3695 1420 3757; x_wconf 85' lang='lat' dir='ltr'><strong>confecit.</strong></span> 
     </span>
     <span class='ocr_line' id='line_1_34' title="bbox 276 3792 1421 3886; baseline 0.004 -31"><span class='ocrx_word' id='word_1_294' title='bbox 276 3792 377 3870; x_wconf 82' lang='lat' dir='ltr'><strong>Quem</strong></span> <span class='ocrx_word' id='word_1_295' title='bbox 397 3793 513 3858; x_wconf 90' lang='lat' dir='ltr'><strong>librum</strong></span> <span class='ocrx_word' id='word_1_296' title='bbox 535 3795 621 3878; x_wconf 92' lang='lat' dir='ltr'><strong>quod</strong></span> <span class='ocrx_word' id='word_1_297' title='bbox 640 3798 776 3882; x_wconf 88' lang='lat' dir='ltr'><strong>Sopater</strong></span> <span class='ocrx_word' id='word_1_298' title='bbox 795 3801 861 3882; x_wconf 92' lang='lat' dir='ltr'><strong>ille,</strong></span> <span class='ocrx_word' id='word_1_299' title='bbox 882 3801 922 3864; x_wconf 92' lang='lat' dir='ltr'><strong>de</strong></span> <span class='ocrx_word' id='word_1_300' title='bbox 944 3822 1011 3886; x_wconf 89' lang='lat' dir='ltr'><strong>quo</strong></span> <span class='ocrx_word' id='word_1_301' title='bbox 1031 3799 1178 3879; x_wconf 86' lang='lat' dir='ltr'><strong>diximus,</strong></span> <span class='ocrx_word' id='word_1_302' title='bbox 1200 3798 1234 3860; x_wconf 90' lang='lat' dir='ltr'><strong>in</strong></span> <span class='ocrx_word' id='word_1_303' title='bbox 1253 3817 1343 3861; x_wconf 88' lang='lat' dir='ltr'><strong>usum</strong></span> <span class='ocrx_word' id='word_1_304' title='bbox 1364 3817 1421 3862; x_wconf 84' lang='lat' dir='ltr'><strong>vo·</strong></span> 
     </span>
     <span class='ocr_line' id='line_1_35' title="bbox 277 3895 1421 3988; baseline 0.005 -32"><span class='ocrx_word' id='word_1_305' title='bbox 277 3895 367 3974; x_wconf 84' lang='lat' dir='ltr'><strong>cavit,</strong></span> <span class='ocrx_word' id='word_1_306' title='bbox 387 3895 488 3959; x_wconf 80' lang='lat' dir='ltr'><strong>Rufus</strong></span> <span class='ocrx_word' id='word_1_307' title='bbox 508 3897 685 3966; x_wconf 76' lang='lat' dir='ltr'><strong>caracallae</strong></span> <span class='ocrx_word' id='word_1_308' title='bbox 708 3905 819 3968; x_wconf 85' lang='lat' dir='ltr'><strong>saltem</strong></span> <span class='ocrx_word' id='word_1_309' title='bbox 841 3903 1079 3988; x_wconf 85' lang='lat' dir='ltr'><strong>anteponendus</strong></span> <span class='ocrx_word' id='word_1_310' title='bbox 1101 3914 1157 3966; x_wconf 85' lang='lat' dir='ltr'><strong>est.</strong></span> <span class='ocrx_word' id='word_1_311' title='bbox 1199 3901 1279 3963; x_wconf 90' lang='lat' dir='ltr'><strong>Item</strong></span> <span class='ocrx_word' id='word_1_312' title='bbox 1300 3901 1421 3964; x_wconf 86' lang='lat' dir='ltr'><strong>Aristo·</strong></span> 
     </span>
     <span class='ocr_line' id='line_1_36' title="bbox 276 3997 1420 4096; baseline 0.006 -38"><span class='ocrx_word' id='word_1_313' title='bbox 276 3997 331 4060; x_wconf 92' lang='lat' dir='ltr'><strong>clis</strong></span> <span class='ocrx_word' id='word_1_314' title='bbox 353 3999 560 4065; x_wconf 83' lang='lat' dir='ltr'><strong>Alexandrini</strong></span> <span class='ocrx_word' id='word_1_315' title='bbox 581 4002 620 4066; x_wconf 88' lang='lat' dir='ltr'><strong>ds</strong></span> <span class='ocrx_word' id='word_1_316' title='bbox 642 4007 747 4071; x_wconf 88' lang='lat' dir='ltr'><strong>choris</strong></span> <span class='ocrx_word' id='word_1_317' title='bbox 766 4007 857 4096; x_wconf 68' lang='lat' dir='ltr'><strong>(aspi</strong></span> <span class='ocrx_word' id='word_1_318' title='bbox 880 4007 1000 4096; x_wconf 78' lang='grc' dir='ltr'><strong><em>χορῶν)</em></strong></span> <span class='ocrx_word' id='word_1_319' title='bbox 1021 4005 1169 4071; x_wconf 89' lang='lat' dir='ltr'><strong>laudatur</strong></span> <span class='ocrx_word' id='word_1_320' title='bbox 1190 4005 1337 4086; x_wconf 88' lang='lat' dir='ltr'><strong>scriptio,</strong></span> <span class='ocrx_word' id='word_1_321' title='bbox 1367 4025 1420 4066; x_wconf 88' lang='lat' dir='ltr'><strong>cu-</strong></span> 
     </span>
     <span class='ocr_line' id='line_1_37' title="bbox 276 4103 1419 4196; baseline 0.007 -34"><span class='ocrx_word' id='word_1_322' title='bbox 276 4105 323 4177; x_wconf 87' lang='lat' dir='ltr'><strong>jus</strong></span> <span class='ocrx_word' id='word_1_323' title='bbox 344 4103 428 4166; x_wconf 89' lang='lat' dir='ltr'><strong>locos</strong></span> <span class='ocrx_word' id='word_1_324' title='bbox 452 4104 529 4166; x_wconf 91' lang='lat' dir='ltr'><strong>bene</strong></span> <span class='ocrx_word' id='word_1_325' title='bbox 551 4109 661 4190; x_wconf 90' lang='lat' dir='ltr'><strong>longos</strong></span> <span class='ocrx_word' id='word_1_326' title='bbox 687 4112 866 4177; x_wconf 88' lang='lat' dir='ltr'><strong>Athenaeus</strong></span> <span class='ocrx_word' id='word_1_327' title='bbox 888 4113 943 4178; x_wconf 85' lang='lat' dir='ltr'><strong>tv.</strong></span> <span class='ocrx_word' id='word_1_328' title='bbox 967 4135 999 4196; x_wconf 90' lang='lat' dir='ltr'><strong>p.</strong></span> <span class='ocrx_word' id='word_1_329' title='bbox 1013 4117 1074 4177; x_wconf 86' lang='grc'><strong>174</strong></span> <span class='ocrx_word' id='word_1_330' title='bbox 1090 4111 1126 4191; x_wconf 74' lang='grc' dir='ltr'><strong>(ί,</strong></span> <span class='ocrx_word' id='word_1_331' title='bbox 1148 4109 1235 4174; x_wconf 83' lang='lat' dir='ltr'><strong>xlv.</strong></span> <span class='ocrx_word' id='word_1_332' title='bbox 1255 4131 1290 4192; x_wconf 88' lang='lat' dir='ltr'><strong>p.</strong></span> <span class='ocrx_word' id='word_1_333' title='bbox 1302 4113 1366 4171; x_wconf 81' lang='lat'><strong>620</strong></span> <span class='ocrx_word' id='word_1_334' title='bbox 1379 4109 1419 4184; x_wconf 91' lang='lat' dir='ltr'><strong>D,</strong></span> 
     </span>
     <span class='ocr_line' id='line_1_38' title="bbox 276 4209 1420 4298; baseline 0.003 -31"><span class='ocrx_word' id='word_1_335' title='bbox 276 4209 349 4286; x_wconf 83' lang='lat'><strong>621,</strong></span> <span class='ocrx_word' id='word_1_336' title='bbox 370 4211 434 4274; x_wconf 82' lang='lat'><strong>630</strong></span> <span class='ocrx_word' id='word_1_337' title='bbox 457 4211 494 4288; x_wconf 93' lang='lat' dir='ltr'><strong>B,</strong></span> <span class='ocrx_word' id='word_1_338' title='bbox 523 4212 548 4274; x_wconf 92' lang='lat' dir='ltr'><strong>l.</strong></span> <span class='ocrx_word' id='word_1_339' title='bbox 570 4234 602 4293; x_wconf 87' lang='lat' dir='ltr'><strong>p.</strong></span> <span class='ocrx_word' id='word_1_340' title='bbox 621 4217 663 4276; x_wconf 84' lang='lat'><strong>22</strong></span> <span class='ocrx_word' id='word_1_341' title='bbox 682 4217 711 4278; x_wconf 89' lang='lat' dir='ltr'><strong>A</strong></span> <span class='ocrx_word' id='word_1_342' title='bbox 732 4216 881 4281; x_wconf 83' lang='lat' dir='ltr'><strong>servavit.</strong></span> <span class='ocrx_word' id='word_1_343' title='bbox 933 4213 1027 4293; x_wconf 83' lang='lat' dir='ltr'><strong>Quod</strong></span> <span class='ocrx_word' id='word_1_344' title='bbox 1049 4236 1130 4298; x_wconf 88' lang='lat' dir='ltr'><strong>opus</strong></span> <span class='ocrx_word' id='word_1_345' title='bbox 1153 4232 1216 4276; x_wconf 89' lang='lat' dir='ltr'><strong>non</strong></span> <span class='ocrx_word' id='word_1_346' title='bbox 1237 4225 1359 4294; x_wconf 87' lang='lat' dir='ltr'><strong>partem</strong></span> <span class='ocrx_word' id='word_1_347' title='bbox 1381 4211 1420 4272; x_wconf 93' lang='lat' dir='ltr'><strong>li·</strong></span> 
     </span>
    </p>
   </div>
   <div class='ocr_carea' id='block_1_5' title="bbox 274 4308 1419 4506">
    <p class='ocr_par' dir='ltr' id='par_1_5' title="bbox 274 4308 1419 4506">
     <span class='ocr_line' id='line_1_39' title="bbox 276 4308 1419 4401; baseline 0.004 -29"><span class='ocrx_word' id='word_1_348' title='bbox 276 4308 335 4388; x_wconf 86' lang='lat' dir='ltr'><strong>bri,</strong></span> <span class='ocrx_word' id='word_1_349' title='bbox 355 4331 449 4394; x_wconf 87' lang='lat' dir='ltr'><strong>quem</strong></span> <span class='ocrx_word' id='word_1_350' title='bbox 470 4311 554 4378; x_wconf 83' lang='lat' dir='ltr'><strong>idem</strong></span> <span class='ocrx_word' id='word_1_351' title='bbox 577 4314 616 4378; x_wconf 90' lang='lat' dir='ltr'><strong>de</strong></span> <span class='ocrx_word' id='word_1_352' title='bbox 637 4319 763 4399; x_wconf 85' lang='lat' dir='ltr'><strong>musica,</strong></span> <span class='ocrx_word' id='word_1_353' title='bbox 786 4322 901 4384; x_wconf 88' lang='lat' dir='ltr'><strong>Athen.</strong></span> <span class='ocrx_word' id='word_1_354' title='bbox 915 4321 1003 4382; x_wconf 84' lang='lat' dir='ltr'><strong>xlv.</strong></span> <span class='ocrx_word' id='word_1_355' title='bbox 1020 4343 1053 4401; x_wconf 89' lang='lat' dir='ltr'><strong>p.</strong></span> <span class='ocrx_word' id='word_1_356' title='bbox 1068 4321 1135 4382; x_wconf 84' lang='grc'><strong>620</strong></span> <span class='ocrx_word' id='word_1_357' title='bbox 1147 4315 1183 4395; x_wconf 85' lang='lat' dir='ltr'><strong>C,</strong></span> <span class='ocrx_word' id='word_1_358' title='bbox 1204 4317 1344 4399; x_wconf 86' lang='lat' dir='ltr'><strong>reliquit,</strong></span> <span class='ocrx_word' id='word_1_359' title='bbox 1366 4313 1419 4378; x_wconf 88' lang='lat' dir='ltr'><strong>sed</strong></span> 
     </span>
     <span class='ocr_line' id='line_1_40' title="bbox 274 4413 1419 4506; baseline 0.004 -32"><span class='ocrx_word' id='word_1_360' title='bbox 274 4413 461 4494; x_wconf 85' lang='lat' dir='ltr'><strong>singularem</strong></span> <span class='ocrx_word' id='word_1_361' title='bbox 484 4417 578 4485; x_wconf 89' lang='lat' dir='ltr'><strong>luisse</strong></span> <span class='ocrx_word' id='word_1_362' title='bbox 598 4421 724 4504; x_wconf 89' lang='lat' dir='ltr'><strong>librum,</strong></span> <span class='ocrx_word' id='word_1_363' title='bbox 746 4445 786 4488; x_wconf 89' lang='lat' dir='ltr'><strong>ex</strong></span> <span class='ocrx_word' id='word_1_364' title='bbox 808 4444 847 4488; x_wconf 88' lang='lat' dir='ltr'><strong>eo</strong></span> <span class='ocrx_word' id='word_1_365' title='bbox 867 4423 1080 4506; x_wconf 88' lang='lat' dir='ltr'><strong>intelligimus,</strong></span> <span class='ocrx_word' id='word_1_366' title='bbox 1101 4418 1187 4505; x_wconf 91' lang='lat' dir='ltr'><strong>quod</strong></span> <span class='ocrx_word' id='word_1_367' title='bbox 1208 4431 1336 4486; x_wconf 77' lang='lat' dir='ltr'><strong>octavus</strong></span> <span class='ocrx_word' id='word_1_368' title='bbox 1354 4423 1419 4496; x_wconf 86' lang='lat' dir='ltr'><strong>ejus</strong></span> 
     </span>
    </p>
   </div>
   <div class='ocr_carea' id='block_1_6' title="bbox 0 0 1527 4982">
    <p class='ocr_par' dir='ltr' id='par_1_6' title="bbox 0 0 1527 4982">
     <span class='ocr_line' id='line_1_41' title="bbox 0 0 1527 4982; baseline 0 0"><span class='ocrx_word' id='word_1_369' title='bbox 0 0 1527 4982; x_wconf 95' lang='lat' dir='ltr'><strong> </strong></span> 
     </span>
    </p>
   </div>
  </div>
 </body>
</html>
