3044 4982
662 291 711 362 35

106 493 161 534 nec
189 472 225 534 in
254 471 325 553 ipsa
350 473 418 552 lege
449 472 589 563 adhibita
611 473 754 553 videtur,
788 497 858 539 cum
885 481 944 543 hoc
967 461 1064 564 genus
1093 489 1256 556 literarum
1284 559 1289 570 ,

103 572 295 656 praeprimis
311 575 535 656 perspicuitate
561 576 685 640 dicendi
703 579 855 644 excellere
878 580 1001 648 debeat.
1043 588 1256 658 Nihilominus

105 674 258 739 correctio
281 676 516 740 Heinrichii
540 677 693 759 displicet,
715 679 770 761 qui
792 681 826 744 in
848 683 946 746 Prius.
968 687 1144 756 Comment.
1160 697 1194 758 in
1206 700 1256 760 lu·

106 781 207 844 tenal.
219 801 255 860 p.
268 782 310 841 19
332 799 394 860 pro
416 775 525 855 αὐσσίς
546 781 624 860 legit
641 780 720 864 παρ’
739 777 859 862 adesir,
882 791 1024 870 quamvis
1040 815 1059 854 a
1076 795 1171 861 Wes
1182 811 1256 862 ter.

105 902 252 946 manno
275 895 308 944 et
329 883 494 946 Blamio
513 907 547 966 p.
561 889 605 946 20
627 907 729 967 nuper
747 890 890 969 probate.
942 893 1045 960 Habet
1066 901 1149 962 enim
1177 921 1256 964 non.
1307 909 1311 915 ·

105 989 208 1048 nullas
229 985 446 1064 difficultates,
478 999 513 1048 ut
534 989 603 1068 ipse
623 989 741 1052 latetur
764 993 1051 1072 Heinriohius.
1111 1003 1256 1086 Grysa.

105 1088 193 1150 rius
215 1086 365 1170 denique,
386 1087 564 1152 acutissimo
585 1093 787 1172 praeceptori
805 1093 840 1157 ,in
863 1115 900 1158 eo
922 1101 1101 1181 assentiens,
1121 1106 1207 1186 quod
1228 1111 1254 1172 is

20 1194 23 1198 ’
106 1200 179 1251 ants
200 1208 376 1270 pronomen
400 1182 507 1265 adesir
529 1192 688 1256 existimat
709 1194 830 1276 aliquid
852 1197 1022 1282 excidisse,
1050 1198 1113 1272 οὐκ
1136 1211 1256 1284 ἐξεῖναι

105 1284 172 1374 γιίρ
195 1287 304 1366 ἄλλως
326 1283 437 1366 αὐτας
457 1287 707 1378 ὑποκρίνεσθαι
729 1298 846 1360 scribit.
904 1299 992 1378 Quae
1021 1309 1155 1370 mutatio
1180 1331 1255 1392 pro.

105 1405 178 1473 pter
206 1393 370 1456 levitatem
397 1405 429 1454 et
450 1395 661 1477 integritatem
692 1401 823 1466 sortasse
852 1405 1007 1487 placeret,
1037 1411 1070 1470 ni
1092 1427 1254 1478 sexcentas
1322 1436 1328 1447 ¹

105 1495 186 1556 aliae
208 1507 292 1558 artes
313 1510 523 1576 superessent,
547 1501 661 1582 quibus
683 1504 736 1566 vel
756 1505 860 1568 locum
884 1509 1058 1589 emendare,
1086 1517 1135 1576 uel
1156 1519 1255 1582 scien.

105 1589 182 1660 tiam
204 1595 363 1680 quandam
385 1599 548 1662 ostendere
577 1623 696 1684 posses.
742 1606 810 1672 Nos
842 1621 948 1675 autem
973 1612 1007 1673 in
1036 1615 1162 1694 uulgata
1181 1642 1255 1700 per.

105 1700 263 1780 sistimus,
293 1699 369 1766 dum
390 1700 460 1764 fieri
480 1704 565 1766 licet.
609 1709 719 1790 Itaque
743 1711 925 1791 histriones,
956 1735 1026 1778 cum
1046 1731 1143 1782 artem
1164 1722 1254 1786 fecis

106 1814 179 1864 sent
200 1807 305 1884 paullo
326 1806 559 1887 perfectiorem,
581 1810 728 1874 facillime
752 1825 874 1878 tantum
897 1817 957 1878 sibi
979 1817 1196 1900 indulserunt,
1218 1837 1255 1888 ut

103 1909 223 1970 multos
245 1909 420 1974 fabularum
441 1911 527 1974 locos
550 1933 590 1977 ex
610 1925 753 1996 tempore
774 1929 910 1980 mutatos
932 1917 1155 2001 declamarent,
1183 1947 1253 1988 cum

103 2009 183 2072 vitia
204 2013 329 2091 habere,
351 2025 406 2076 aut
428 2013 468 2076 ad
490 2015 555 2080 vim
576 2018 673 2088 animi
692 2019 917 2085 ostendendam
938 2023 1092 2103 aptissimi
1110 2026 1254 2092 rideren-

104 2126 165 2176 tur.
219 2117 413 2180 Valcken.
442 2115 481 2178 ad
509 2119 619 2200 Eurip.
640 2122 801 2184 Phoeniss.
823 2126 900 2198 396,
925 2127 1005 2203 996,
1031 2130 1135 2206 1152,
1158 2136 1253 2198 1286.

103 2217 253 2300 Reisig.
279 2219 417 2298 Conject.
439 2221 476 2282 L.
492 2223 516 2298 Ι,
537 2225 567 2283 1.
588 2226 686 2303 p.21.
730 2213 817 2300 Quae
839 2224 967 2307 quidem
988 2228 1123 2308 licentia,
1145 2255 1253 2315 quem.

105 2322 273 2387 admodum
293 2323 451 2386 actoribus
473 2323 586 2386 sensim
610 2325 761 2406 permissa
783 2338 844 2405 est,
876 2328 920 2388 sic
946 2329 979 2392 iu
1004 2331 1080 2393 artis
1108 2338 1252 2416 proprie.

103 2430 222 2492 tatibus
252 2429 319 2490 lere
347 2429 531 2492 habebatur.
583 2426 704 2504 Quodsi
736 2429 834 2508 igitur
854 2429 1016 2512 Lycurgus
1037 2435 1252 2504 recitationem

103 2552 198 2614 quam
220 2531 356 2592 maxime
384 2542 559 2592 accuratam
581 2551 616 2591 ac
637 2531 816 2610 religiosam
842 2531 912 2598 fieri
942 2537 1057 2614 voluit,
1090 2537 1124 2600 id
1154 2561 1251 2618 genus

103 2632 306 2712 declamandi,
329 2633 414 2714 quod
436 2633 503 2713 ipse
522 2632 763 2712 commendavit,
783 2635 916 2716 proprio
938 2637 1074 2718 quodam
1098 2645 1250 2708 vocabulo

103 2737 131 2797 ei
151 2735 381 2800 nominandum
404 2749 435 2798 et
456 2757 475 2796 a
496 2737 662 2819 superiori,
685 2735 771 2820 quod
791 2741 898 2820 paullo
919 2741 1049 2806 liberius
1067 2743 1179 2824 luerat,
1201 2768 1250 2809 aa·

103 2841 142 2902 tis
166 2838 423 2919 distinguendum
445 2839 515 2901 luit.
569 2839 673 2921 Quare
695 2853 763 2902 tum
784 2838 962 2926 ὑπόκρισις
984 2845 1065 2906 facta
1087 2858 1133 2908 est
1159 2843 1250 2918 oiad-

103 2965 242 3027 yeuom3
278 2942 457 3026 dictumque
479 2961 538 3022 pro
560 2939 828 3025 ιίιισαρίνσσθσιι,
849 2942 883 3004 id
905 2956 965 3022 est,
997 2948 1126 3010 liberius
1147 2948 1250 3014 decla.

102 3045 233 3124 mando,
257 3046 292 3108 in
312 3047 380 3126 lege
402 3045 539 3128 Lycurgi
561 3035 835 3128 ἀναγιγνώσκειν.
888 3045 970 3106 Nam
990 3049 1035 3126 is,
1065 3051 1120 3134 qui
1142 3054 1248 3138 literas

100 3165 244 3216 accurate
265 3151 360 3230 legit,
381 3150 511 3232 proprie
536 3141 798 3232 ἀναγιγνώσκειν
820 3145 945 3210 dicitur.
988 3153 1087 3215 Velut
1108 3165 1248 3216 oratores

100 3254 352 3334 Atheniensium,
374 3277 442 3318 curn
466 3254 609 3330 scribam,
631 3272 726 3334 quem
747 3272 849 3316 secum
871 3255 1026 3320 habehant
1046 3255 1248 3337 insuggestu,

99 3362 200 3440 leges,
236 3357 384 3438 epistolas
406 3359 530 3440 aliaque
550 3356 715 3416 literarum
736 3357 906 3436 specimina
932 3359 1063 3424 recitare
1092 3361 1247 3438 juberent,

100 3483 193 3546 quae,
217 3481 286 3522 cum
308 3475 409 3524 essent
431 3460 623 3537 documenta,
645 3461 872 3524 accuratissime
894 3464 957 3542 legi
980 3463 1144 3545 debebant,
1165 3462 1248 3534 σίνσί·

98 3568 262 3652 γίγνωσκε
283 3575 338 3632 aut
359 3556 540 3648 desipuerat
562 3563 787 3624 exclamabant.
838 3565 1002 3635 Demosth.
1029 3567 1101 3636 adu.
1122 3569 1247 3649 Aphob.

100 3669 124 3729 l.
148 3691 180 3749 p.
194 3672 271 3748 815,
295 3673 368 3748 818,
390 3673 453 3732 819
469 3691 539 3752 sqq.
581 3669 708 3730 Isocrat.
728 3654 939 3751 Trapezitsp.
957 3674 1031 3736 369.
1075 3673 1164 3736 Libri
1185 3673 1247 3736 He·

101 3770 210 3832 rodoti
236 3772 270 3834 in
289 3771 447 3854 Olympiis
476 3771 601 3834 recitati
628 3769 787 3834 dicuntur.
839 3774 888 3834 De
919 3776 1033 3856 quibus
1053 3775 1247 3840 Phocsstu.

101 3871 180 3936 Cod.
200 3874 270 3936 LX.
291 3897 323 3955 p.
337 3877 396 3936 60:
427 3865 764 3958 ἀναγιγνωσκομένης
793 3867 883 3956 αὐτῷ
913 3877 973 3958 σῆς
998 3874 1156 3962 ἱστορίας.
1199 3875 1245 3938 Si-

98 3980 219 4042 militer
241 3979 280 4042 de
292 3978 431 4042 Choerili
453 3978 650 4057 carminibus,
670 3999 750 4060 quae
771 3979 909 4060 populus
925 3981 1015 4058 jussit
1034 3981 1158 4061 publice
1173 3977 1245 4054 legi,

98 4081 214 4144 Suidas
234 4105 260 4146 s.
282 4104 331 4148 u:
363 4082 529 4167 Χοιρίλος
551 4123 560 4143 .
583 4123 593 4142 .
614 4080 670 4148 καί
700 4075 764 4150 osio
784 4094 852 4155 eote
873 4073 1029 4167 Ὀμήρου
1055 4075 1245 4160 σίναγιγνώ-

99 4192 245 4252 σκεσθαι
265 4183 454 4270 ἐψηφίσθη.
495 4181 630 4262 Hesych.
650 4179 755 4242 Miles.
774 4202 808 4261 p.
822 4183 863 4244 58
886 4178 950 4265 (ed.
972 4177 1122 4261 orell).
1180 4177 1244 4240 Ubi

100 4288 232 4350 uerbum
255 4309 296 4350 ex
316 4286 386 4369 ipso
408 4284 538 4346 fortasse
559 4283 723 4362 plebiscito
745 4295 907 4364 receptum
929 4292 985 4342 est.
1026 4279 1138 4362 Neque
1161 4279 1243 4340 enim

101 4388 318 4470 difficultates,
347 4401 401 4452 aut
426 4386 659 4466 ambiguitatem
680 4387 792 4465 habet,
818 4405 881 4468 qua
904 4380 1085 4446 Naelrius
1108 4381 1243 4448 Choeril.

308 4513 314 4524 .
676 4492 678 4495 ·
915 4492 959 4556 3*
