3076 4998
673 339 747 420 183

135 551 181 592 ex
199 547 267 613 quo
283 547 340 591 sut
355 527 497 593 hauserit
513 529 701 594 Athenaeus.
745 530 813 592 Hoc
834 539 938 594 autam
960 529 1155 612 Bentlejus
1170 533 1286 617 Opusc.

138 637 162 698 l.
185 636 227 712 l.,
259 632 493 722 Urlichaiu't
521 634 644 715 Frsgtn.
673 635 844 715 Achaeip.
864 638 902 712 6,
929 636 1173 699 Welclterus
1193 640 1285 720 Trag.

137 737 196 798 Gr.
225 734 478 818 P.111.p.941
505 757 566 818 pro
596 750 682 800 certo
710 736 917 799 affirmarunt.
966 736 1178 803 Nihilominus
1205 743 1285 804 Bato

137 838 335 919 Sinopensis,
355 841 373 902 J
379 860 458 906 uns.
481 838 656 922 descript.
676 841 759 905 llist.
780 842 838 902 Ph.
851 842 959 920 11,‚13,
974 849 1006 920 4,
1028 841 1067 904 de
1085 851 1199 924 potitae
1219 845 1286 924 glo·

136 942 188 1006 ria
210 943 332 1023 optime
349 943 483 1007 m'ecitus
504 955 567 1024 est,
594 945 748 1028 peculiari
768 943 877 1016 libello
899 944 995 1008 vitam
1024 949 1091 1023 ejus
1115 965 1286 1026 exponens.

138 1045 256 1108 Athen.
277 1047 378 1140 Xgp.
393 1048 458 1110 436
479 1047 516 1110 F.

195 1145 200 1154 '
227 1147 360 1210 Etiamsi
379 1160 465 1214 aetas
485 1150 576 1228 hujus
595 1150 691 1213 nullis
712 1163 855 1215 veteram
876 1148 1063 1213 testimoniis
1082 1161 1164 1212 esset
1186 1147 1287 1212 decla·
1401 1155 1412 1176 '

140 1263 228 1328 rata,
251 1251 362 1314 taman'
380 1271 421 1314 erc
440 1251 552 1333 magna
569 1269 725 1336 operum,
756 1274 837 1337 quae
859 1253 999 1334 scripsit,
1029 1250 1231 1314 multitudine
1252 1271 1287 1312 ac

140 1353 295 1417 uarietate
321 1355 477 1438 quispiam
502 1377 576 1418 eum
603 1375 668 1418 non
695 1358 807 1438 procul
830 1358 869 1417 ab
897 1357 955 1417 illo
985 1367 1128 1436 tempore
1144 1353 1286 1416 ‘abfuisse

137 1458 369 1538 suspicaretur,
399 1477 465 1543 quo
485 1459 601 1540 singuli
619 1455 702 1542 apud
725 1461 859 1523 Graecos
880 1461 1040 1538 homines,
1065 1479 1130 1522 non
1151 1457 1287 1536 singulas

136 1573 225 1622 artes
248 1561 398 1639 tractare,
431 1561 485 1626 sad
508 1562 681 1626 doctrinam
690 1599 702 1642 ,·
732 1577 973 1648 quantacunque
998 1577 1065 1626 tum
1086 1565 1137 1627 vel
1159 1561 1286 1625 seclusas
1389 1598 1402 1626 l

139 1665 192 1726 vel
220 1675 330 1744 aperta
357 1663 434 1742 luit,
464 1665 729 1746 comprehendere
751 1687 786 1728 ac
807 1668 963 1728 mentibus
984 1665 1154 1727 informare
1177 1681 1287 1744 coepe·

137 1771 225 1828 runt.
266 1767 350 1829 Nam
369 1767 431 1828 alia
450 1761 735 1851 tentaremur,-
755 1771 816 1832 alia
833 1770 938 1834 verbis
954 1770 1064 1831 solutis
1079 1767 1214 1849 scripsit,
1235 1785 1286 1826 aas

135 1889 204 1952 que
225 1869 398 1933 fectmditas
417 1885 547 1952 praeter
567 1892 717 1937 summam
738 1873 857 1952 ingenii
881 1871 1020 1933 indolem
1039 1889 1190 1952 verasque
1212 1887 1287 1948 opu·

139 1993 213 2034 rum
233 1975 532 2052 virtutesmagnam
552 1973 678 2042 laudem
704 1977 902 2057 nominisque
929 1973 1140 2037 celebritatem
1161 1971 1287 2037 videtur

138 2077 204 2158 ipsi
225 2077 376 2142 attulisse.
425 2075 634 2142 Callimachus
654 2077 783 2162 quidem
804 2079 837 2140 in‘
859 2071 1058 2157 oholiambis‚
1087 2089 1210 2140 utrem
1232 2085 1286 2137 ent

139 2181 226 2244 lunis
247 2183 367 2259 aetate,
394 2175 459 2242 sut'
475 2200 534 2262 par
560 2201 653 2246 omno
674 2182 869 2265 antiquitatis
895 2182 1031 2263 spatium
1052 2181 1285 2243 memorabilem

137 2286 313 2346 extuleratr
335 2279 388 2350 ὅτι
410 2280 522 2351 πολλοὶ
540 2288 681 2370 ⁴i'ypotlr.
716 2277 813 2348 tuit.
834 2307 859 2348 s.
876 2307 907 2349 v.
929 2280 1287 2370 ὃιθυραμβοδιδιίσιιαὲ

139 2390 209 2460 ioc.
253 2388 292 2449 lit
313 2385 487 2450 Scholiasta
511 2387 620 2450 comici
635 2388 662 2451 l.
678 2383 849 2454 leheman
881 2394 946 2467 ejus
973 2388 1097 2450 illustre
1120 2386 1287 2468 perhibete

5 2549 7 2554 ,
138 2489 399 2577 αι’(ιιβόηασαδὲ
421 2490 564 2576 ἐγένετο.
610 2492 819 2574 Harpocratio
841 2504 955 2571 antem,
977 2491 1286 2574 antiquam'op'erum

138 2591 338 2673 divisionem,
365 2615 383 2656 a
405 2588 612 2674 grammaticis
635 2597 817 2676 proiectam,
842 2598 899 2680 qui
920 2598 972 2659 vel
994 2596 1113 2658 inbelles
1135 2598 1210 2672 eius,
1234 2593 1286 2657 vel

136 2701 237 2764 vitam
259 2701 503 2776 illustraverant,
526 2711 659 2778 secutus,
681 2701 711 2762 ei
726 2701 836 2768 melica
851 2701 1000 2778 'carutium
1021 2697 1195 2778 tragoedias
1215 2696 1286 2777 plri-

138 2804 401 2886 loaoplsicumque
412 2797 496 2883 opus
512 2801 672 2866 attribuite
694 2808 821 2891 ἔγραψε
842 2803 878 2871 di
891 2804 979 2888 μέλη
1001 2796 1111 2871 πολλοὶ
1129 2801 1184 2870 tici
1201 2807 1285 2881 'spu‘-

137 2905 265 2994 γῳδίας
292 2906 346 2974 eal
376 2900 566 2990 φιλόσοφόν
589 2908 623 2971 αι
647 2901 869 2991 σύγγραμμα.
916 2906 966 2966 Ex
997 2904 1104 2968 eadem
1131 2898 1286 2968 divisione

137 3009 225 3092 apud
247 3005 375 3072 Sui'dam
403 3027 430 3070 r.
449 3029 482 3071 v.
508 3001 657 3090 λυρικός,
684 3002 841 3098 τραγικὸς
863 3008 918 3073 καὶ
942 3005 1123 3089 φιλόσοφος
1145 3003 1285 3083 appella·

137 3127 204 3176 tur.
254 3113 323 3174 lem
348 3107 398 3173 ut·
413 3108 590 3189 tragoedias
619 3108 746 3171 silentio
776 3109 1080 3189 praetermittamus,
1112 3104 1284 3166 Scholiasta

136 3217 228 3280 Pacis
249 3217 312 3280 83⁵
340 3213 391 3277 ed.
411 3213 534 3274 linet·
551 3213 636 3273 hunc
658 3229 722 3274 non
747 3211 841 3274 modo
862 3211 1046 3292 scriptorem
1069 3206 1285 3288 dithyrambo-

136 3343 210 3384 rum
225 3319 311 3398 dicit,
332 3315 387 3380 sed
406 3312 500 3378 etism
518 3315 639 3393 sin'gula
660 3317 843 3380 melicurum
867 3314 1037 3378 carrninum
1052 3299 1182 3392 genera,
1203 3327 1283 3390 quas

138 3424 292 3501 confecit,
325 3423 405 3486 bens
432 3418 626 3482 dinumerata
659 3423 785 3509 ἔγραψα
814 3421 850 3490 δὲ
877 3419 932 3487 rui
960 3407 1205 3508 ἐπιγράμματα
1227 3409 1283 3477 uui

137 3527 295 3604 ιιαιαῖαας
316 3528 371 3594 καὶ
392 3523 524 3609 ὕμνους
545 3523 599 3591 καὶ
618 3520 734 3590 αιιόλια
756 3525 814 3591 καὶ
836 3525 972 3609 ἐλεγεῖα.
1015 3516 1284 3600 Harpocratioex
1360 3530 1362 3538 ’

137 3630 392 3711 introponeret,
422 3647 504 3710 quse
524 3619 753 3690 versihus'non
782 3639 872 3689 erant
895 3625 1058 3700 adstricta,
1087 3617 1284 3703 philosophi·

138 3755 210 3802 cerm
234 3733 386 3814 scripturn
406 3729 590 3794 nominatim
612 3740 843 3806 commemorat,
866 3733 952 3806 cujus
971 3728 1082 3790 titulus
1103 3723 1172 3786 aliis
1190 3722 1224 3783 in
1245 3722 1284 3782 li·

138 3837 206 3898 hris
235 3837 328 3898 aliter
356 3836 483 3916 legitur·
533 3833 579 3898 Ut
608 3855 660 3915 sp.
683 3831 782 3894 Clam.
803 3830 957 3895 Alexand.
977 3831 1093 3896 Strom.
1115 3827 1140 3888 l.
1160 3831 1195 3905 p.
1218 3826 1282 3886 333

137 3938 191 4001 ed.
211 3939 318 4020 Sylla:
345 3935 428 4005 ''qu
448 3938 484 4005 dl
505 3931 524 4004 ὁ
547 3937 635 4010 Xlor
659 3940 697 4002 ἐν
716 3945 788 4008 τοῖς
809 3929 1046 4020 τριγράμμοις.
1095 3925 1283 4005 corruptior

137 4055 187 4104 est
210 4041 327 4120 forma,
354 4061 450 4124 quarn
471 4035 630 4120 Diogenes
656 4039 693 4100 L.
711 4039 796 4114 Vlll‚
820 4042 848 4116 l,
871 4041 908 4100 52
935 4031 1017 4101 'Im
1038 4031 1074 4098 dl
1094 4024 1114 4094 ti
1135 4028 1222 4099 Χῖοι·
1245 4029 1283 4092 ἐν

136 4157 210 4220 ectr
230 4143 416 4230 ιριαγίιιαια
435 4146 538 4208 habet.
580 4143 724 4206 Tertium
753 4139 945 4204 diversitatis
973 4149 1070 4216 genus
1096 4149 1199 4212 neque
1220 4128 1282 4189 Eu-

137 4244 228 4308 docia
252 4267 286 4325 p.
307 4249 380 4322 318,
402 4261 506 4330 neque
524 4243 635 4308 Suidas
654 4265 679 4307 s.
701 4263 732 4308 v.
753 4265 888 4328 αριασμ.
909 4237 1041 4319 depulit,
1062 4253 1131 4298 cum
1153 4232 1186 4294 in
1211 4233 1282 4313 plu·

136 4347 229 4412 rimis
242 4346 745 4435 lihriscpruopodginveniarnus.
787 4343 849 4410 Sed
871 4342 1126 4404 Casaubonus
1147 4336 1282 4418 scriptu·

134 4472 205 4515 ram
231 4448 381 4530 Diogenis
402 4461 486 4514 recte
508 4447 700 4527 emendetit,
722 4447 874 4510 medicina
896 4447 936 4508 ab
957 4443 1205 4524 Harpocratione
1226 4461 1281 4521 pe-
