3076 4998
791 320 868 396 212

257 513 505 578 chaeremonem
526 505 560 570 in
581 525 747 573 natmerum
769 503 958 570 comicorum
979 503 1166 582 retulerunt,
1184 525 1241 568 nec
1263 505 1403 587 nomina,

257 637 315 678 nec
342 616 515 696 fragmenta
541 611 789 692 tragoediarum,
819 630 898 694 quas
919 607 1077 690 scripsisse
1098 606 1237 670 traditam
1258 621 1402 690 spectan-

257 732 314 796 tes,
334 739 391 780 nec
411 720 527 780 multos
542 737 577 776 ac
598 714 758 795 graviores
779 711 944 776 vetustatis
965 713 1051 774 locos
1071 709 1265 792 reputantes,
1286 711 1403 793 qadbus

258 821 430 898 evincitur,
460 840 531 881 eum
553 818 586 878 in
609 817 727 897 tragice
747 815 835 896 po‘e'si
856 808 1042 877 elaborasse.
1084 814 1166 877 Nam
1188 812 1301 876 Saldae
1322 835 1348 878 s.
1370 837 1402 879 v.

208 1003 212 1014 .
257 918 448 1006 Χαιρήμων
466 913 624 1005 κωμικός,
644 917 762 980 Eudoc.
783 918 908 981 Violar.
930 937 963 998 p.
982 919 1063 980 4³6:
1085 913 1279 1001 ΧοορῆμοοοΙ
1295 941 1403 1002 κωμι-

256 1021 333 1102 κός,
363 1023 468 1085 Schol.
496 1021 536 1084 ad
566 1022 698 1085 Aristot.
726 1021 1023 1100 Rhet.111.p.6s.
1077 1014 1181 1094 Quare
1211 1018 1402 1102 Gyraldus

256 1124 296 1188 de
319 1126 407 1188 Poe't.
427 1123 510 1188 Hist.
530 1145 562 1204 p.
578 1125 658 1200 286,
680 1123 841 1186 Vossius
862 1120 902 1184 de
921 1122 1011 1183 Post.
1032 1118 1088 1181 Gr.
1109 1139 1143 1200 p.
1158 1123 1218 1195 41,
1247 1119 1402 1201 Stepha-

256 1248 325 1291 nus
346 1227 395 1312 (ll.
418 1225 493 1287 infr.
514 1223 580 1310 lh),
611 1222 870 1301 Camerarius,
890 1222 1101 1284 Haerenins
1124 1218 1164 1283 ad
1185 1219 1273 1284 Stoh.
1294 1223 1401 1303 Eclog.

255 1332 314 1394 Ph.
331 1331 355 1409 l,
372 1329 402 1405 7,
418 1330 438 1391 7
459 1329 648 1404 hahuerunt,
666 1325 752 1409 quod
775 1346 846 1389 eum
867 1325 1071 1408 perhiberent
1092 1325 1244 1388 cmaicarm
1264 1337 1402 1408 poetam.

256 1429 319 1494 Sed
340 1429 501 1492 mittamus
521 1427 734 1509 proprietates
752 1428 1009 1508 fragmentorum,
1029 1439 1268 1508 praetereamus,
1280 1429 1401 1510 titulos,

257 1532 296 1596 de
318 1532 432 1615 quihus
453 1544 562 1613 postea
582 1530 724 1610 dicetur,
745 1529 928 1596 definiamus
950 1531 1010 1592 hoe
1032 1551 1149 1608 mum,
1169 1529 1401 1612 de=tragoediis

256 1638 322 1714 ejus
343 1637 595 1718 Theophrastum
616 1657 667 1716 ap.
689 1636 805 1698 Athen.
826 1633 912 1700 Xlll.
933 1655 965 1716 p.
988 1638 1051 1698 562
1070 1636 1114 1714 E,
1145 1635 1341 1699 Athenaeum
1360 1636 1400 1698 11.

255 1759 289 1820 p.
303 1741 344 1801 35
367 1735 445 1823 ΕῙ),
466 1761 499 1820 p.
515 1742 558 1802 43
570 1737 606 1817 0,
627 1739 827 1801 Eustathium
848 1735 887 1801 ad
909 1740 1003 1800 Hom.
1025 1736 1085 1803 Od.
1105 1759 1137 1821 p.
1155 1739 1239 1801 toan
1261 1739 1306 1801 ita
1326 1757 1401 1800 con·

254 1844 391 1923 sentire,
423 1855 461 1906 ut
488 1842 604 1907 diserte
636 1847 675 1906 ab
707 1844 748 1906 iis
764 1845 922 1926 tragicus
943 1842 1142 1923 nominetur3
1173 1842 1230 1926 qui
1261 1839 1400 1920 Suidnm,

256 1947 378 2012 etiamsi
406 1967 476 2008 cum
507 1966 545 2010 eo
572 1947 688 2026 singuli
716 1959 954 2028 comparantur,
984 1946 1171 2010 auctoritate
1198 1957 1303 2007 tamen
1331 1945 1399 2006 eine

256 2050 353 2114 dubio
375 2049 516 2113 vincunt.
560 2050 631 2113 Alia
653 2049 694 2112 H.
717 2050 843 2114 Grotii
865 2051 1020 2114 sententia
1041 2051 1113 2114 luit.
1164 2047 1228 2124 Qui
1249 2069 1317 2112 cum
1337 2050 1400 2112 sihi

254 2150 475 2238 persuasisset,
502 2150 598 2214 fuisse
619 2158 728 2233 poetas
746 2152 783 2214 in
804 2154 921 2234 tragica
945 2165 978 2217 et
999 2145 1116 2218 comica
1136 2154 1226 2236 possi
1248 2164 1400 2230 versatos,

254 2255 328 2320 huic
349 2251 454 2318 ordini
462 2255 693 2320 .annumeravit
705 2253 961 2325 chaeremonem.
987 2257 1064 2320 Exc.
1081 2279 1112 2338 p.
1125 2261 1200 2320 845.
1243 2254 1294 2319 Ad
1304 2277 1400 2340 qoam

255 2359 436 2442 opinionem
458 2357 665 2438 Gruppius
686 2356 817 2420 Ariadn.
846 2379 879 2440 p.
901 2361 964 2422 755
994 2380 1097 2441 nuper
1123 2359 1263 2422 accessit.
1310 2361 1399 2422 Atta·

254 2481 327 2524 men
348 2478 414 2521 non
440 2455 530 2520 exilis
558 2475 667 2520 eorum
691 2469 738 2520 est
760 2459 867 2540 copia,
896 2459 953 2542 qui
974 2479 1111 2524 causeam
1133 2461 1225 2526 nohis
1245 2479 1310 2524 noa
1331 2481 1395 2524 esse

255 2560 442 2638 concedunt,
470 2578 528 2622 cur
555 2560 763 2624 chaeremoni
786 2559 980 2626 vindicemus
1004 2564 1190 2628 comoedias.
1231 2562 1308 2626 Vid.
1329 2565 1398 2625 Ga·

254 2668 383 2729 salter.
405 2661 537 2724 Advers.
557 2661 691 2727 Miscell.
713 2665 737 2742 l,
759 2669 790 2743 9,
812 2664 967 2728 Febric.
990 2667 1072 2730 Bihl.
1090 2669 1146 2730 Gr.
1166 2667 1202 2728 Τ.
1215 2665 1256 2728 lt.
1276 2689 1308 2746 p.
1320 2669 1396 2743 292,

253 2770 466 2830 Hermann.
489 2761 663 2830 Commeat.
684 2765 724 2830 ad
746 2770 876 2832 Aristot.
894 2771 980 2834 Poet.
1002 2790 1035 2852 p.
1045 2774 1098 2848 98,
1122 2767 1284 2832 Meiaelt.
1304 2769 1344 2830 H.
1358 2766 1396 2831 C.

253 2893 286 2952 p.
302 2871 374 2946 517,
397 2867 546 2930 Ritter.
568 2867 606 2932 ad
630 2871 762 2934 Aristar.
785 2875 873 2938 Post.
895 2896 927 2955 p.
943 2878 996 2938 st.
1055 2891 1058 2914 ²

341 2968 526 3054 Quanquam
549 2971 719 3052 degenere
739 2999 774 3038 ac
797 2978 862 3041 vita
883 2981 976 3055 hujus
994 2995 1096 3060 neque
1112 2979 1289 3040 luculenter
1305 2975 1397 3059 quid-

253 3096 348 3158 quam
368 3071 529 3153 traditum,
551 3095 654 3158 neque
678 3078 723 3140 ita
744 3081 949 3160 significatum
974 3083 1133 3157 habemus,
1159 3093 1195 3141 ut
1217 3101 1257 3142 ex
1282 3103 1318 3142 ea
1339 3081 1397 3141 ali·

253 3175 330 3259 quid
356 3175 502 3254 colligere
524 3178 635 3255 liceat,
655 3191 777 3258 tamen,
799 3195 835 3244 ut
857 3193 1006 3261 aetatem,
1028 3199 1092 3264 qua
1113 3182 1210 3258 vixit,
1233 3201 1394 3263 eognosca-

252 3297 339 3354 mus,
369 3279 520 3340 memoria
542 3279 651 3342 cornici
675 3290 786 3364 potitae
807 3284 840 3346 in
864 3271 1014 3366 promptu
1037 3296 1095 3346 est.
1144 3284 1285 3346 Eubulus
1312 3284 1394 3346 enim

252 3378 442 3442 locutionem
465 3377 688 3447 Chaeremonis
711 3386 910 3466 perstrinxit.
963 3387 1079 3450 Athen.
1100 3386 1139 3448 ll.
1160 3406 1194 3467 p.
1213 3391 1256 3450 43
1277 3384 1322 3448 G:
1353 3382 1394 3452 sd

251 3477 340 3564 ὕδωρ
360 3483 524 3566 ποταμοῦ
550 3479 646 3570 adreci
670 3488 750 3572 φησί
771 3511 841 3558 που
862 3487 1064 3576 Εὔβουλος,
1092 3481 1110 3557 ὁ
1134 3483 1395 3575 κωμῳδιοποιὸς,

253 3579 419 3668 εἰρηκέναι
445 3577 652 3670 Χαιρήμονα
674 3581 735 3656 τὸν
754 3588 932 3678 τραγικόν·

421 3683 495 3752 ἐπεὶ
520 3685 555 3754 dl
576 3688 687 3775 σηκῶν
707 3689 895 3778 περιβολὰς
914 3687 1133 3780 ἠμείψαμεν,

419 3778 508 3870 ὕδωρ
528 3812 566 3854 es
576 3837 587 3867 ,
608 3793 771 3874 ποταμοῦ
789 3798 904 3881 σῶμα,
926 3792 1186 3878 διεπεράσαμεν·

251 3884 351 3969 Atqui
376 3884 565 3954 Ritterus
587 3891 763 3957 Commeat.
788 3897 827 3960 ad
848 3900 981 3962 Aristot.
1000 3901 1088 3962 Poe't.
1108 3918 1143 3976 p.
1162 3899 1203 3957 88
1233 3906 1265 3956 et
1293 3894 1394 3958 Chae-

251 4007 411 4051 remonem
427 4001 459 4052 et
474 3991 632 4058 Eubulum
653 3998 748 4060 aetati
769 3999 929 4081 Euripidis
950 4001 1022 4064 ideo
1044 4017 1194 4082 suppares
1216 3999 1312 4060 luisse
1333 4021 1394 4080 pu·

321 4234 352 4305 1)
370 4235 421 4291 liic
436 4235 589 4296 Athenaeus
602 4241 814 4301 chaeremonem
829 4258 906 4303 vocat
918 4250 1055 4321 τραγῳδόν
1069 4248 1218 4304 recentiore
1231 4267 1291 4315 usu,
1310 4265 1393 4319 quern

250 4337 329 4392 supra
349 4323 490 4395 attigimus
507 4355 543 4368 -·
573 4328 740 4387 Eustathium
758 4333 792 4388 ad
811 4347 899 4406 partes
918 4355 1013 4393 vocare
1029 4335 1107 4406 licet,
1125 4335 1229 4392 temetsi
1247 4337 1394 4391 auctoritas

250 4406 307 4476 ejus
324 4407 376 4464 hoc
393 4411 454 4468 loce
472 4414 551 4486 plane
569 4418 603 4472 ad
621 4418 789 4478 Athenaeum
804 4423 882 4480 redit.
