3060 5000
799 369 876 443 250

265 555 430 636 describit,
465 551 728 639 quaemadmodum
757 549 935 615 Heraclitus
965 562 1128 614 aeternum
1157 550 1410 616 neumatum

266 661 411 738 finxerat,
431 660 598 740 probatum
621 679 639 718 a
660 659 840 736 Protagora,
865 675 959 738 quem
981 655 1039 714 hac
1058 654 1092 715 in
1115 673 1150 716 re
1172 668 1325 739 tyrannus
1346 655 1412 716 ior·

267 776 347 825 tasse
370 773 442 823 ante
465 761 572 823 oculos
591 762 695 838 habet,
716 761 795 823 Plat.
809 759 941 822 Tlreaet.
959 781 991 842 p.
1005 762 1079 838 152,
1101 757 1195 822 modo
1216 761 1315 838 legem
1338 759 1412 838 plu·

266 866 312 927 ris
335 863 437 944 ducit,
470 884 564 945 quam
586 883 722 941 morem,
754 883 934 946 quanquam
956 862 1006 924 hic
1027 861 1162 924 naturuli
1186 873 1307 922 tantum
1334 859 1412 921 honi

264 967 402 1049 justique
423 985 517 1034 sensu
539 967 734 1043 continetur,
762 963 856 1030 modo
878 969 1015 1029 Aeacum
1035 965 1172 1044 inducit,
1198 965 1287 1028 Stoic-
1307 962 1412 1026 Scrm.
1438 1021 1442 1028 .

264 1073 318 1148 37,
339 1083 376 1132 ut
396 1071 423 1132 is
445 1089 565 1132 morsm
586 1070 744 1152 praeierat
764 1068 837 1148 legi,
858 1068 952 1132 modo
973 1068 1255 1150 argumentationes
1274 1065 1411 1128 anxiare

266 1175 407 1255 copiosas
428 1174 561 1256 perlecti
582 1171 717 1235 oratoris
738 1173 838 1234 instar
858 1173 1002 1252 inculcat,
1023 1173 1118 1236 modo
1138 1171 1276 1234 maxima
1294 1167 1412 1230 damna
1523 1223 1524 1234 ,

265 1276 412 1358 queritur
433 1277 572 1356 legibus,
602 1275 636 1338 id
660 1287 707 1338 est
725 1274 862 1353 jsrstitiae
888 1297 947 1357 per
973 1275 1170 1359 eloquentiae
1190 1275 1322 1335 abusum
1342 1291 1411 1334 esse

263 1383 361 1443 illata.
404 1378 494 1442 Stob.
516 1381 538 1441 l.
557 1381 580 1442 l.
609 1379 673 1441 ·Ex
689 1398 754 1464 quo
772 1391 917 1460 apertum
939 1391 996 1455 est,
1018 1379 1159 1456 Critiam,
1180 1374 1317 1439 studium
1337 1375 1412 1456 plai-

264 1483 426 1565 losophiae
449 1485 613 1561 colentem,
636 1503 700 1544 non
722 1495 787 1544 tam
807 1475 1001 1544 constantem
1023 1481 1288 1565 aequabilemque
1301 1497 1410 1540 rerum

265 1584 473 1664 cognitionem
501 1605 685 1668 summaque
714 1585 798 1649 vitae
821 1597 1005 1667 praecepta,
1037 1603 1131 1668 quam
1159 1583 1409 1666 philosophicam

263 1685 438 1750 doctrinam
462 1699 494 1750 et
515 1687 714 1769 splendorem
736 1688 970 1752 scientias‘ease
992 1701 1201 1752 consecutam.

350 1791 387 1853 In
410 1790 603 1870 tragoediam
625 1791 834 1871 conveniunt,
854 1809 936 1875 quae
957 1789 997 1854 de
1018 1792 1156 1855 dictione
1179 1791 1307 1874 tyranni
1328 1791 1411 1870 jardi·

267 1893 414 1958 cavimus.
463 1895 545 1958 Nam
567 1895 626 1958 etsi
647 1897 706 1958 hoc
728 1917 825 1976 genus
853 1909 884 1959 et
911 1897 1002 1979 copia
1029 1895 1154 1959 dicandi
1180 1905 1215 1958 ct
1236 1895 1411 1977 perspicui·

265 2007 330 2056 tate
352 2007 384 2056 et
405 1997 596 2059 sublimitate
622 1996 712 2060 valde
736 1999 935 2079 conspicuum
959 2009 1021 2077 est,
1049 2010 1239 2060 tamennon
1265 2016 1409 2076 magnam

265 2097 369 2178 pomis
392 2097 629 2161 similitudinem
650 2102 755 2162 habet.
802 2102 887 2164 ineat
909 2101 1071 2164 sinceritas
1093 2113 1125 2163 et
1144 2100 1292 2163 nobilitas
1311 2112 1417 2183 quac-¹

266 2198 337 2260 dam
361 2211 392 2261 et
414 2200 553 2264 brevitas
572 2201 741 2262 verborum
764 2205 872 2281 major,
894 2220 989 2286 quana
1009 2203 1065 2264 illa
1081 2215 1166 2265 aetas
1181 2201 1309 2266 uidetur
1325 2202 1409 2263 farre

265 2301 415 2380 potuisse.
458 2302 539 2366 Nam
561 2303 675 2367 chorus
704 2305 761 2366 tali
790 2305 884 2370 modo
914 2306 1006 2369 deum
1036 2307 1210 2392 alloquitur
1234 2325 1287 2389 ap.
1309 2304 1408 2368 clem.

265 2403 449 2466 Alexandra

435 2509 471 2572 oi
493 2500 554 2572 rob
577 2499 751 2592 αὐτοφυῆ,
772 2504 837 2576 τόν
855 2513 891 2576 ἐν
914 2511 1054 2599 αἰθερίῳ
1079 2536 1109 2578 κ.
1122 2535 1152 2577 τ.
1166 2512 1196 2578 λ.

265 2602 381 2666 Eadem
402 2608 554 2670 orationis
576 2611 749 2674 sublimitas
775 2613 807 2674 in
831 2613 931 2678 altero
953 2618 1033 2695 loco,
1053 2617 1111 2700 qui
1131 2627 1178 2679 est
1198 2609 1408 2698 de'temporia

263 2707 415 2790 decursu,
444 2707 650 2784 animaduerti
672 2728 793 2798 potest,
825 2721 955 2785 eumad
979 2711 1122 2786 melicum¹
1143 2741 1241 2802 genus
1261 2719 1407 2803 proxime

264 2826 413 2894 assurgat.
1325 2844 1328 2852 ·

349 2916 453 2979 Multa
477 2937 553 2983 vcro
577 2922 725 2986 habemus
745 2923 777 2985 in
800 2925 982 3006 fragmentis
1004 2925 1147 3006 exempla
1167 2923 1323 3004 licentiae,
1344 2921 1408 3008 arra

263 3011 417 3082 rationem
443 3035 616 3089 metrorum
643 3027 792 3092 instituit.
841 3019 1009 3092 Est'sain
1038 3022 1295 3114 quadragesimus
1323 3028 1407 3112 apud

264 3121 352 3188 Sext.
374 3126 495 3207 Empir.
516 3128 588 3196 adv.
606 3133 699 3214 Phys.
721 3152 754 3213 p.
774 3134 837 3194 262
859 3147 986 3196 versus:

434 3225 498 3314 τὴν
519 3227 670 3317 decasius
692 3257 730 3300 ss
750 3247 821 3309 cote
842 3231 963 3318 νόμοις
983 3235 1201 3321 κατέσβεσεν,
1290 3255 1293 3259 ’
1400 3259 1403 3270 ‘

263 3328 297 3390 in
320 3350 384 3413 quo
404 3330 549 3416 dactylus
571 3333 708 3416 primum
736 3337 848 3419 pedem
876 3338 982 3400 elficit.
1031 3335 1169 3402 Eandem
1191 3339 1406 3446 commutatio·

264 3453 335 3494 nem
354 3435 389 3496 in
411 3437 511 3498 altero
533 3457 626 3500 versu
1129 3462 1132 3470 ·
1398 3453 1401 3460 '

433 3530 478 3622 ἦν
488 3537 637 3628 χρόνος,
662 3533 710 3608 b'c'
721 3567 770 3625 ην
790 3539 937 3618 &aaaron
958 3537 1152 3628 decadam
1170 3544 1249 3630 βίος
1270 3584 1274 3594 ’

262 3635 447 3701 invenimus.
491 3633 546 3703 Est
574 3644 750 3708 tribrachus
779 3667 839 3728 pro
868 3648 973 3710 iautbo
993 3647 1070 3710 ibid.
1086 3640 1122 3711 'u
1141 3651 1202 3727 at,
1230 3649 1405 3730 oregscos
1523 3681 1524 3728 i

262 3737 359 3800 rinth.
382 3741 466 3820 ll,
499 3742 588 3806 Stob.
617 3745 718 3808 Scrm.
746 3765 798 3829 ap.
828 3750 942 3813 chb.
970 3753 1051 3830 238,
1082 3751 1140 3813 Ph.
1167 3748 1274 3832 Eclog.
1297 3753 1323 3832 l,
1347 3758 1405 3816 11.

261 3843 400 3905 Maxime
421 3826 633 3909 memorabilis
652 3859 699 3909 est
720 3867 846 3929 temus,
876 3851 1075 3931 aMaximO,
1096 3873 1147 3935 ap.
1169 3853 1285 3916 Wehh.
1305 3854 1404 3918 Serm.

266 3952 351 4028 tub,
372 3947 489 4011 Critiae
510 3949 703 4032 adscriptus:

294 4071 308 4086 ⁴¹
343 4078 346 4091 ·
432 4045 614 4137 dyudcide
636 4053 674 4120 ad
696 4049 801 4121 caude
821 4059 925 4139 douae
944 4050 996 4141 ἐφ’
1004 4058 1127 4142 ἐνέρων
1145 3994 1249 4135 tute,

261 4155 380 4238 inquo
410 4167 536 4236 praeter
564 4177 662 4218 uuum
689 4171 890 4238 anapaestum
913 4157 1072 4241 duplicem
1095 4159 1287 4222 tribrachum
1314 4177 1404 4244 repe*

261 4259 369 4322 rimus.
413 4260 580 4322 Caesarum
603 4281 679 4324 vero
701 4274 773 4342 post
795 4263 924 4326 tertium
946 4264 1076 4345 pedam,
1101 4285 1172 4327 cuna
1186 4266 1404 4346 interrumpat

262 4385 297 4424 ac
314 4363 444 4440 disjiciat
466 4385 602 4441 uersum,
623 4365 656 4425 in
680 4366 868 4446 tragicorum
890 4369 1042 4431 trimetris
1064 4387 1167 4430 raram
1184 4389 1291 4451 neque
1312 4369 1404 4430 aliter

263 4487 281 4527 a
303 4465 458 4555 Sophocle
480 4465 663 4549 admissam,
687 4471 747 4544 uisi
770 4471 1013 4558 vius-quandam
1032 4471 1187 4536 orationis
1209 4493 1325 4552 augere
1348 4491 1404 4538 vo·
