3086 4992
201 510 241 572 ἐκ
262 503 298 571 tt
317 504 427 592 χορώυ
448 503 615 591 οραγικοόκ
634 507 738 586 ἱεραῖς
758 505 844 588 κριοὶ
867 505 925 572 καὶ
945 499 1010 594 δέχ’
1021 501 1180 590 ἁμίλλαις

202 599 290 672 desei
308 599 526 690 οἶγηροῖκκους
549 599 761 690 duossimus
782 601 980 691 στεφάνους.

113 707 230 790 Neque
252 707 492 772 admirationem
513 708 681 789 singularis
706 709 768 774 riri
794 724 849 773 aut
874 710 1072 792 Alexander,
1101 723 1265 795 conspecte

115 814 182 886 ejus
198 821 412 888 monumento,
434 811 617 894 suppressit,
639 823 694 874 aut
711 812 908 891 Aristoteles,
928 815 1070 897 quietem
1087 818 1265 899 saepissime

115 912 236 976 laudet.

205 1017 387 1082 Hirsutem
404 1041 469 1084 non
487 1023 588 1084 sol'um
608 1018 922 1102 erationes‘scripsit,
943 1017 998 1082 sed
1019 1034 1119 1084 artem
1140 1045 1266 1108 quoque

117 1119 244 1186 dicendi
269 1121 423 1200 peculiari
447 1125 530 1186 titrro
557 1123 712 1205 exposuit.
757 1120 1267 1212 ssspn.ssynnst.1.r..0.‘,0.

121 1267 130 1284 ·
152 1267 162 1286 ·
186 1271 195 1288 .
216 1225 270 1290 esti
293 1219 471 1311 ρὀγτορκκοὶς
491 1226 612 1313 τέχνας
632 1226 689 1292 καὶ
709 1219 828 1310 λόγους
848 1223 1041 1311 (incepisset
1062 1226 1164 1307 Aesim
1207 1231 1267 1290 Ac·

121 1327 259 1390 curatius
281 1326 393 1392 Suides
415 1348 440 1390 e.
461 1351 491 1392 κ.
515 1335 641 1414 ἔγραψα
660 1329 699 1396 dl
718 1327 774 1394 eal
798 1327 920 1414 οέχυηυ
941 1322 1122 1414 ῥητορικήν
1144 1333 1182 1398 ἐκ
1201 1331 1267 1414 με’·

119 1453 187 1516 epp)
209 1431 264 1496 eei
287 1428 373 1498 stlta
397 1428 475 1499 ested
497 1427 746 1518 καταλογάδην.
788 1429 905 1494 Eudoo.
918 1433 950 1492 .1.
975 1433 999 1494 l.
1046 1432 1095 1494 Ex
1117 1433 1267 1496 orationi·

120 1534 188 1611 bus,
210 1553 290 1616 quae
307 1545 408 1598 estete
428 1535 586 1600 Ciceronis
604 1536 744 1602 nondum
764 1535 960 1614 interierent,
982 1536 1168 1603 nominatim
1187 1535 1266 1599 duae

119 1635 274 1729 citantur,
306 1658 368 1698 una
388 1635 530 1700 defensio
552 1639 707 1717 Socratis,
737 1639 870 1704 Aristot.
895 1639 988 1700 Rhet.
1009 1639 1048 1717 11,
1070 1643 1124 1702 23.
1173 1640 1265 1700 Phot.

120 1737 247 1817 Fragm.
269 1740 414 1806 Cantebr.
436 1765 469 1825 p.
481 1747 563 1806 ott:
587 1739 772 1817 Θοόδοκοος
794 1748 831 1808 ἐκ
853 1744 896 1828 τῇ
920 1738 1115 1824 Σωκράτους
1137 1733 1266 1808 circeio-

119 1839 194 1924 γίᾳ,
215 1844 310 1906 altera
332 1843 457 1930 Νόμος
480 1848 641 1928 inscripta.
660 1846 800 1908 Aristot.
821 1845 914 1906 Rhet.
935 1845 1000 1910 tl.
1045 1841 1116 1918 Quo
1139 1842 1267 1925 quidem

121 1963 257 2024 operum
278 1969 391 2027 genere
414 1969 509 2034 quem
532 1953 633 2016 clarus
654 1947 760 2024 tuerit,
781 1945 915 2011 ridicule
935 1946 1133 2028 Theopompi
1153 1947 1268 2026 glorie·

122 2048 167 2111 tio
190 2049 319 2130 indicet,
339 2053 395 2136 qui
416 2055 509 2135 longe
532 2054 684 2124 maximas
704 2051 765 2118 sibi
786 2063 818 2112 et
839 2051 967 2117 Isocrati
988 2063 1020 2113 et
1042 2049 1215 2117 Theodecti
1236 2063 1268 2114 et

119 2153 273 2216 Naucrati
300 2155 408 2218 laudes
439 2157 525 2221 inter
551 2178 658 2220 omnes
685 2155 820 2218 Graecos
847 2154 880 2216 in
905 2152 1038 2216 diceudo
1061 2153 1168 2218 deberi
1195 2173 1267 2218 con-

121 2255 234 2320 tendit.
279 2259 467 2324 Phasim.
510 2260 644 2344 Dionys.
664 2258 704 2322 ad
725 2260 871 2322 Ammon.
892 2263 922 2322 2.
975 2258 1021 2320 Ac
1050 2259 1175 2321 tametsi
1202 2277 1266 2321 noc

121 2361 339 2444 aequiparavit
360 2363 524 2427 Isocratem
547 2363 726 2442 virtutibus,
748 2363 881 2444 Dionys.
900 2360 940 2424 de
954 2363 1106 2438 leaeo't9,
1128 2363 1267 2443 praecel-

121 2464 181 2526 luit
207 2476 312 2529 teman
340 2481 490 2543 generosa
515 2465 622 2534 indole
650 2478 681 2530 st
708 2466 798 2547 copis
819 2462 944 2528 dicendi
966 2475 998 2528 et
1020 2475 1130 2527 ornato
1149 2465 1268 2546 polito·

121 2589 183 2651 que
207 2587 320 2646 genere
343 2567 504 2632 orationis.
535 2571 620 2634 Aul.
650 2568 730 2632 Gell.
754 2570 777 2630 l.
798 2570 821 2630 l.
866 2565 930 2628 Cic.
953 2564 1042 2631 Orat.
1067 2569 1125 2631 tt:
1157 2571 1269 2646 ..teso-

120 2674 215 2734 ἄκακε
236 2713 246 2734 .
267 2713 275 2732 .
299 2715 307 2732 .
327 2678 357 2734 in
375 2679 474 2755 primis
490 2677 593 2757 politum
612 2680 731 2758 scriptor
751 2687 838 2758 alyne
858 2672 991 2754 amisse?
1038 2669 1118 2737 Cum
1141 2670 1180 2734 de
1200 2685 1267 2736 erte

120 2773 246 2838 dicendi
268 2776 427 2856 scriberet,
451 2776 528 2840 duas
549 2799 601 2842 res
625 2780 666 2840 ab
684 2778 854 2843 Aristotele
875 2776 1020 2858 sumpsit,
1039 2797 1133 2838 senam
1155 2777 1268 2841 verbo·

120 2899 193 2942 rum
215 2877 420 2958 divisionem,
446 2883 582 2946 alterum
604 2893 806 2964 praeceptum
813 2925 822 2958 ,
844 2901 885 2942 ex
907 2899 972 2963 quo
995 2899 1102 2943 versus
1123 2881 1162 2942 ab
1182 2878 1269 2944 omui

119 2982 292 3060 cretionis,
323 3003 403 3066 quae
433 3005 597 3050 numerum
626 2987 775 3062 heberet,
805 2995 915 3046 tenore
944 2995 1046 3044 essent
1076 2979 1270 3046 removendi.

120 3088 256 3169 Dionys.
285 3085 325 3148 de
350 3089 450 3150 Verb.
480 3088 593 3170 Comp·
614 3093 645 3156 2.
689 3086 752 3150 Cic.
775 3083 862 3154 Orat.
886 3087 938 3150 ot.
990 3082 1094 3159 Quare
1122 3085 1155 3146 in
1182 3095 1270 3150 tacte

119 3188 283 3255 doetrinae
311 3189 515 3254 similitudine
542 3191 743 3268 dubitarunt,
774 3211 814 3255 an
842 3188 958 3252 librum
986 3185 1184 3264 Aristotelis,
1213 3186 1270 3266 qui

120 3305 288 3375 praecepte
303 3290 427 3356 dicendi
439 3295 588 3373 continet,
604 3294 816 3360 adscriberent
830 3291 936 3374 potius
947 3287 1134 3360 Theodecti..
1159 3287 1268 3365 Quint.

119 3399 197 3460 lust.
219 3392 308 3460 Orat.
326 3395 364 3472 ll,
387 3398 438 3476 ts,
460 3399 512 3460 10.
555 3396 618 3462 Sed
646 3417 726 3478 opus
753 3397 862 3474 hujus,
890 3390 977 3476 quod
997 3403 1125 3473 praeter
1145 3391 1267 3474 Diony·

120 3502 203 3566 sium
223 3498 262 3562 ed
285 3500 431 3564 Ammon.
451 3503 483 3560 2.
532 3500 728 3581 Antiphanes
755 3497 839 3580 apud
858 3499 976 3563 Athen.
996 3496 1053 3578 Ν.
1081 3517 1114 3581 p.
1138 3499 1199 3559 134
1220 3495 1268 3572 Β.,

119 3606 251 3668 Tretaes
272 3600 408 3668 Chiliad.
428 3604 496 3672 ΧΗ.
519 3601 677 3689 ptts1)
699 3614 958 3679 commemorent,
977 3602 1017 3664 ab
1038 3599 1176 3682 entiquis
1196 3601 1268 3680 plu·

112 3707 195 3770 ,rimi
214 3707 330 3770 factum
352 3717 409 3767 est.
634 3779 636 3786 Ι

208 3810 377 3892 Postquam
399 3820 483 3873 totus
505 3809 538 3875 ic
561 3811 759 3894 eloquentiae
780 3810 892 3874 studiis
911 3807 1105 3892 eliquemdiu
1126 3817 1266 3872 uersatus

119 3924 184 3991 est,
210 3911 250 3976 ad
273 3911 432 3990 tragicam,
443 3912 552 3992 possin
574 3934 608 3976 se
630 3915 796 4004 convertit.
839 3912 1133 3979 Pseudo-Plutarch.
1154 3907 1221 3972 vir.
1235 3907 1267 3968 X

119 4015 209 4084 oras
230 4018 359 4080 Isocrst.
381 4010 592 4099 tussitare
613 4009 641 4083 δ’
657 4012 746 4104 αὐτῷ
769 4059 777 4080 ·
797 4059 831 4079 ··
855 4017 910 4082 uri
931 4010 1185 4098 Ἀσκληπιάδης
1206 4051 1215 4072 ·
1234 4050 1266 4074 ··

118 4120 176 4188 ecl
201 4114 428 4204 &reclinanti
452 4119 661 4204 Φοοηλίορς,
692 4113 710 4184 ὅ
734 4114 796 4194 τοὶς
816 4118 1003 4205 τραγῳδίας
1023 4113 1165 4196 deesses
1183 4111 1267 4197 γροέ·

118 4237 199 4304 ψας.
243 4223 337 4286 Phot.
352 4222 376 4283 l.
389 4223 412 4284 l.
455 4221 535 4282 Tum
557 4220 707 4286 terdecies
725 4222 879 4287 scenicum
903 4230 1059 4282 certamen
1081 4214 1152 4278 iniit
1171 4227 1266 4297 atque

124 4363 406 4380 mnu—⁸0...—

189 4439 221 4509 1)
239 4439 439 4498 Praefationens
457 4436 513 4507 ejus
532 4436 686 4494 Aristoteles
704 4437 850 4512 scripserat.
880 4433 997 4504 Diogen.
1017 4432 1046 4488 1..
1056 4435 1090 4502 V,
1105 4436 1132 4503 1,
1149 4439 1194 4490 ta.
