3060 5000
658 387 733 463 259

122 567 257 647 Medea,
288 565 432 651 'Oedipus
450 568 612 650 'luerunt-3·
632 571 665 634 in
687 573 789 636 alte'ro
818 583 938 640 amem·
952 585 1084 642 numero
1106 574 1268 661 Achilleae,

124 673 358 756 Chrysippum,
382 673 542 737 ¹Semelam
571 675 731 738 habimus.
780 678 903 741 Etenim
925 680 1063 746 Achilles
1083 682 1149 746 sine
1173 683 1268 750 dubio

123 777 210 838 illius
228 777 343 849 similis
361 777 430 856 fuit,
453 799 546 860 quem
565 780 606 840 ab
619 781 805 842 vAristarcho
823 781 929 843 lictum
950 786 1270 854 commemoravimus.
1377 788 1380 796 '

123 881 161 942 ln
192 879 406 961 Clmysippnm
437 882 571 944 incestos
600 891 772 962 praerurun'a
800 905 922 947 amores
948 887 1116 968 Euripides
1151 889 1269 954 dudunt

126 983 290 1044 intulerat.
341 985 441 1044 Porro
462 985 628 1063 lugubrem
647 987 767 1048 obitum
789 987 947 1065 Semelae,
977 992 1120 1071 quaeritis
1143 992 1270 1055 obscoe-¹

124 1106 181 1146 nas
203 1105 239 1146 nc
258 1083 400 1147 sordidas
421 1085 654 1168 descriptiones,
676 1091 875 1154 a‘Timoth'eo
890 1091 926 1151 in'
941 1090 1172 1173 dithymmbum
1189 1099 1269 1174 eins·

125 1185 196 1248 dean
220 1187 356 1253 nominis
377 1188 536 1270 inclusas,
550 1195 747 1274 aspernatus,
769 1194 830 1255 nisi
852 1199 1078 1260 cummaxime
1099 1199 1268 1280 pudicitiae

125 1289 305 1351 offensione
323 1309 387 1351 non
409 1307 535 1373 poterat
558 1297 731 1378 explicare,
762 1317 817 1358 seu
841 1298 1027 1378 petitionem
1056 1301 1175 1380 attigit,
1206 1323 1269 1384 qun

125 1393 174 1453 ira
184 1394 278 1455 'lovis
294 1395 451 1459 suscitata«
464 1409 520 1475 est,
542 1419 596 1460 seu
610 1399 793 1472 {mirabilem
814 1412 940 1480 partum
956 1403 1102 1466 mulieris
1123 1405 1269 1484 pluribus

126 1494 302 1575 descripsit.
344 1497 509 1561 Praeterea
525 1523 564 1563 ne
586 1504 646 1564 hoc
665 1502 793 1585 quidem
803 1504 843 1563 ’in
862 1502 967 1564 eadem
985 1506 1089 1567 fabula
1112 1513 1271 1586 estprae·

127 1596 382 1676 termittendum',
410 1603 495 1683 quod
515 1607 733 1666 turbulentum
752 1625 790 1664 ac
810 1624 959 1668 sonorum
979 1607 1120 1670 Semeles
1141 1611 1269 1686 cultum,

126 1713 234 1761 uteru
248 1701 410 1764 Athenaeo
433 1707 640 1785 suspicamur,
661 1706 695 1771 in
716 1727 807 1768 scena
827 1711 1091 1788 repraesentavit,
1113 1731 1193 1792 quo,
1215 1733 1270 1772 au·

125 1803 214 1864 ribus
231 1815 445 1884 ,spectatorum
468 1808 603 1886 gravius
616 1809 787 1888 protasis,
815 1813 962 1886 majorem
980 1814 1216 1893 occupationem
1238 1823 1270 1876 'et

126 1905 395 1985 admirationem,
413 1928 507 1991 quam
536 1910 766 1972 miserationem
795 1923 827 1972 et
854 1913 1072 1991 purgationem
1092 1914 1269 1993 affectuum,

126 2023 162 2074 ut
180 2032 295 2075 *verum
317 2013 626 2093 tragoediaefinem,
648 2025 902 2096 consequeretur.

148 2161 152 2170 .
198 2115 348 2199 -siquid
374 2131 477 2180 autem
492 2137 545 2178 ex
571 2115 751 2196 fragmentis
774 2116 812 2178 de
835 2117 1010 2179 [abularum
1036 2115 1143 2192 indole
1163 2129 1270 2200 potest

128 2216 287 2298 cognosci,
316 2223 420 2302 neque
445 2220 471 2280 is
496 2220 583 2280 color
603 2221 642 2281 ab
664 2221 751 2283 omni
772 2241 902 2300 operum
924 2241 1037 2300 genere
1058 2221 1119 2282 luit
1140 2222 1269 2298 alienus,

128 2324 185 2404 qui
204 2322 239 2382 in
257 2321 387 2402 singulis
403 2343 511 2386 eorum
528 2323 671 2403 partibus
688 2336 834 2404 apparet3
857 2329 958 2404 poe'ta,
979 2323 1159 2405 quicunque
1174 2324 1270 2390 fnisse

128 2424 286 2504 creditur,
298 2425 531 2507 philosophicas
553 2426 721 2487 sententias
743 2447 783 2488 ex
803 2427 872 2506 ipsa
891 2427 1013 2487 scholae
1029 2425 1171 2488 doctrina
1187 2446 1270 2488 sum·

126 2540 200 2609 pta·
229 2539 260 2589 et
290 2529 574 2607 argumentationes
606 2529 699 2590 ninus
730 2532 837 2609 longas
869 2528 1022 2592 adhibuit.
1075 2529 1156 2593 Nasn
1185 2529 1270 2613 quod

128 2633 227 2714 ipsius
257 2632 390 2695 fortasse
418 2634 573 2716 Thyestae
602 2645 666 2710 est,
697 2633 730 2692 in
751 2633 887 2714 Thyeste
910 2633 1016 2694 labula
1043 2653 1145 2715 neque
1167 2633 1270 2694 cibum

128 2755 307 2817 quenquam
330 2735 541 2808 immundum,
570 2755 673 2818 neque
701 2734 920 2798 detestabilem
938 2757 1004 2797 esse
1027 2736 1145 2799 victum
1171 2735 1270 2796 carnis

127 2837 282 2903 humanae
298 2838 488 2916 contendit,
516 2851 685 2919 propterea
709 2837 794 2919 quod
823 2840 855 2900 in
878 2839 1021 2900 omnibus
1042 2840 1136 2902 rebus
1162 2837 1270 2900 eadent

129 2942 286 3002 elementa
312 2942 465 3019 inessent,
497 2961 555 3001 nec
576 2941 660 3001 ¹aliae
683 2941 789 3018 gentes
818 2959 855 3001 eo
877 2940 945 3001 cibo
972 2959 1036 2999 nou
1059 2947 1270 3002 vescerentur.

127 3047 263 3126 Diogen.
284 3046 321 3107 L'.
336 3048 391 3122 Vl,
408 3049 438 3122 2,
454 3048 486 3106 6.
529 3044 653 3106 Scilicet
672 3046 732 3104 hoc
753 3042 792 3104 ad
812 3061 921 3104 eorum
938 3041 1271 3122 pertinet'pcaecepta,

128 3150 194 3232 qul,
214 3149 422 3230 Pythagoram
446 3147 553 3224 secuti,
577 3157 631 3206 aut
654 3145 777 3208 omnem
800 3145 934 3223 carnem,
956 3154 1009 3204 aut
1029 3155 1113 3202 certa
1133 3147 1197 3220 ejus
1219 3165 1272 3222 ge-

128 3272 205 3314 nera
235 3273 252 3313 e
276 3253 351 3313 cibis
375 3245 565 3313 eximebant.
589 3289 593 3299 -
616 3249 881 3330 Philosophorum
902 3247 988 3309 more
1009 3245 1163 3325 ratIones,
1194 3253 1271 3330 'quai

129 3355 280 3437 opponit,
311 3354 426 3435 partim
450 3371 616 3418 exterum
639 3363 752 3413 natura
773 3350 902 3432 repetit,
931 3349 1047 3432 partim
1070 3368 1110 3411 ex
1130 3349 1271 3430 gentium

129 3477 300 3520 consensu.
344 3457 558 3520 Atomicorum
588 3453 749 3516 doctrinae
774 3454 939 3532 convenit,
969 3451 1055 3535 quod
1084 3471 1193 3516 omnes
1220 3468 1271 3514 res
1383 3441 1391 3456 ⁸

129 3561 275 3644 quamvis
294 3558 435 3624 diuersas
449 3575 452 3583 '
464 3559 575 3620 iisdem
604 3555 768 3639 principiis
793 3569 901 3620 monet
920 3568 1091 3618 constare.
1117 3556 1272 3636 Deplorat

128 3665 275 3726 miseram
307 3661 515 3727 conditionem
544 3655 834 3740 humani-generis.
874 3661 994 3722 Antan.
1013 3672 1045 3722 et
1068 3659 1199 3722 Maxim.
1221 3679 1272 3740 ap.

128 3764 365 3831 Wech.8ern1.
387 3767 469 3827 246:
540 3804 543 3812 ·
997 3763 1000 3770 ’

299 3860 324 3933 el
344 3864 478 3951 θνητὸν
500 3863 631 3950 ἀνδρῶν
652 3863 708 3930 uel
731 3863 947 3947 ταλαίπωρον
966 3861 1084 3946 γένος)

300 3963 343 4043 ὥς
364 3963 465 4037 οὐδὲν
487 3965 608 4051 ἔσμεν,
629 3967 720 4052 πλὴν
743 3978 848 4038 orecte
870 3961 1030 4040 ἐοικότες)
1092 3967 1096 3976 “

300 4069 407 4158 βάρος
429 4062 587 4152 περισσὸν
608 4068 671 4153 γῆς
693 4059 1006 4150 ἄναστρωφῶμενοι.

128 4171 177 4233 Eu
199 4170 275 4232 trita
296 4175 391 4251 vulgo
414 4184 444 4232 et
467 4171 605 4232 obsoleta
627 4170 798 4247 sententia,
826 4187 906 4252 quae
928 4187 990 4228 non
1013 4164 1115 4226 solutu
1137 4181 1155 4220 a
1177 4159 1272 4238 tragi-

129 4273 190 4348 cis,
223 4271 277 4334 sed
307 4275 401 4335 etiam
429 4272 535 4355 lyricis
557 4255 746 4334 Graecorum
768 4272 871 4354 potins
900 4265 1102 4330 multifariam
1123 4275 1274 4324 exornata

128 4375 201 4437 fuit.
244 4375 334 4438 Pind.
356 4375 448 4458 Pyth.
469 4375 553 4450 Vltl,
579 4376 638 4452 95,
667 4375 813 4456 Aeschyl.
842 4371 1002 4436 Prometh.
1028 4369 1090 4429 2³1
1113 4375 1172 4424 etc.
1226 4364 1274 4424 lta

129 4473 316 4555 significavit
345 4478 475 4539 tortasse
504 4475 702 4558 despectum,
733 4494 797 4557 quo
826 4476 955 4554 vulgare
985 4467 1149 4540 hominum.
1177 4485 1274 4548 genus

924 4584 990 4648 17*
