3076 4998
657 311 728 383 155

122 493 260 577 egendas
279 491 467 575 tradidisset,
486 494 537 558 hie
557 497 724 560 nonnullas
745 494 976 576 tragoediarum
996 509 1100 580 partes
1121 499 1155 562 in
1176 520 1266 563 scena

121 602 189 682 ipse
206 600 354 682 suscepit.
371 657 374 662 .
396 601 432 662 In
449 621 513 684 quo
529 621 671 680 magnam
686 599 824 662 ostendit
839 601 1027 681 superbiam.
1064 604 1144 666 Plat.
1158 603 1267 686 Symp.

122 728 155 787 p.
178 709 245 768 194
268 707 311 772 A:
345 703 540 790 ἐπιλήσμων
561 697 659 791 μέντ’
673 701 717 774 ἄν
738 707 833 784 eine,
862 695 889 770 ei
917 695 1083 790 Ἀγάθων
1104 748 1113 767 ·
1135 749 1144 768 ·
1166 751 1175 770 .
1197 751 1207 769 ·
1228 710 1271 783 si,

124 805 204 875 idcir
233 803 298 892 seir
326 803 391 890 σήν
417 801 579 893 σίνδραίαν
603 809 658 876 καί
686 803 990 895 μεγαλοφροσύνην
1019 802 1271 893 ἀναβαίνοντος

124 911 178 978 ἐπί
196 904 259 979 τὸν
277 905 463 994 ὄκρίβαντα
478 906 568 994 μέτιί
586 911 654 977 τῶν
669 907 860 994 ὑποκριτῶν
881 909 936 976 ταί
956 909 1152 995 βλέψαντος
1170 915 1270 979 ἐναν·

123 1013 199 1082 τίον
215 1005 366 1100 τοσούτῳ
381 1006 528 1098 θεάτρῳ,
549 1013 740 1098 μέλλοντος
753 1011 982 1092 ἐπιδείξασθαι
999 1015 1127 1081 σαυτοῦ
1140 1009 1271 1098 λόγους,

122 1117 178 1184 ταί
206 1109 283 1184 ou’d’
297 1110 490 1185 ὁπωστιοῦν
511 1117 735 1200 ἐκπλαγέντος
757 1161 767 1180 .
789 1161 798 1178 ·
821 1160 830 1179 .
873 1114 961 1180 Suid.
982 1137 1005 1177 s.
1027 1137 1058 1179 v.
1084 1112 1270 1200 μυρμήκων

124 1213 330 1306 αἶτριίπσνς.
353 1265 362 1284 ·
383 1217 402 1288 ὅ
425 1217 461 1286 di
480 1211 647 1302 Ἀγάθων
669 1213 868 1304 ὦπααριτιιιαί
891 1219 978 1304 μέλη
1000 1219 1107 1287 ἐποίει
1130 1219 1185 1286 καί
1207 1212 1271 1286 oti-

124 1317 183 1397 τδρ
203 1320 415 1409 ὑπεκρίνετο.
458 1321 645 1386 tuemur.
668 1317 817 1414 χορικός,
849 1316 868 1390 ὁ
896 1324 960 1390 τοῦ
987 1324 1089 1410 χοροῦ
1117 1318 1271 1408 ἐξάρχων.

124 1427 286 1500 τοιοῦτος
309 1417 355 1511 ἦν
374 1420 549 1514 ’Aprilium
570 1421 607 1501 ὃς
627 1421 830 1511 τέποαριτιιιαί
854 1426 941 1511 μέλη
962 1425 1068 1493 ἐποίει
1088 1426 1144 1493 ναί
1168 1419 1272 1500 αὐτὸς

122 1524 335 1614 ὕπεαρίνστσ.
359 1527 409 1596 διὸ
430 1529 485 1595 ταί
509 1522 623 1616 χοριιωί
644 1529 786 1614 λέγεται.
829 1527 1042 1593 Nihilominus
1062 1530 1172 1592 ceteris
1192 1549 1270 1613 quo·

124 1655 186 1716 que
217 1632 385 1714 tragoediis
414 1632 567 1712 insignem
599 1644 780 1694 consecutus
808 1644 856 1694 est
883 1632 1023 1696 favorem
1054 1633 1270 1714 spectantium.

122 1737 207 1800 Nam
228 1737 414 1799 Aristoteles
435 1733 602 1796 Exeidium
622 1734 672 1795 llii
695 1734 816 1796 unicam
840 1739 905 1812 eius
926 1736 1062 1798 fabulam
1082 1735 1176 1798 luisse
1198 1737 1282 1796 nur·¹

123 1852 191 1917 rat,
222 1861 302 1923 quae
330 1839 458 1920 explosa
484 1839 590 1900 fuerit.
633 1838 722 1900 Po'e‘t.
745 1841 797 1900 ts.
839 1838 930 1900 Hunc
951 1837 1064 1916 igitur,
1091 1839 1179 1899 velut
1200 1857 1270 1917 gra·

123 1943 287 2006 vissimum
307 1953 441 2022 potitam,
464 1941 689 2022 Aristophanes
710 1961 933 2022 saepenumero
954 1940 1082 2004 vexavit
1104 1953 1134 2003 et
1153 1942 1271 2004 Arche-

122 2048 191 2108 laus
214 2046 392 2122 arcessivit,
423 2067 492 2108 cum
513 2030 667 2125 insignem
689 2045 955 2108 nobilissimorum
979 2047 1141 2108 hominum
1161 2065 1271 2106 nume-

123 2173 195 2212 rum
217 2148 257 2212 ad
278 2171 311 2212 se
333 2162 470 2213 vocaret.
512 2149 574 2213 Sed
604 2149 643 2214 de
672 2171 771 2228 anno,
800 2171 864 2233 quo
893 2150 926 2212 in
955 2149 1171 2213 Macedoniam
1196 2169 1270 2229 per-

121 2253 223 2331 rexit,
244 2252 458 2336 nequidquam
477 2267 619 2317 accurate
639 2254 824 2338 quaesieris3
855 2257 915 2317 hoe
938 2255 1021 2316 enim
1041 2252 1267 2316 Martinius

122 2379 239 2423 vereor
263 2358 407 2441 cuiquam
434 2359 623 2440 persuadere
653 2370 689 2423 ut
712 2356 832 2440 possit,
862 2379 933 2420 eum
947 2354 1270 2423 ,minushonoriiieae

120 2567 292 2646 Pausania3
314 2587 385 2628 nam
407 2567 562 2630 intereos
584 2580 706 2630 tantum
730 2566 884 2629 amicitias
904 2567 1064 2630 vinculum
1085 2577 1162 2627 erat.
1205 2563 1270 2624 Ve-

123 2693 197 2734 rum
228 2670 261 2730 in
288 2670 344 2732 illo
373 2670 534 2732 hominum
557 2689 706 2748 numero,
738 2689 817 2752 quos
838 2691 940 2732 secum
960 2673 1130 2733 Archelaus
1151 2665 1270 2742 habuit,

121 2777 265 2854 Agatho,
294 2773 369 2835 dum
390 2773 556 2854 Euripides
577 2774 669 2836 vivus
690 2784 784 2854 atque
806 2785 964 2853 superstes
984 2774 1060 2852 fuit,
1090 2785 1121 2834 et
1143 2768 1270 2833 summis

120 2878 178 2940 ille
201 2876 373 2939 honoribus
395 2889 427 2938 et
449 2876 591 2938 maximis
614 2875 761 2956 praemiis
784 2889 929 2954 ornatus,
950 2875 1050 2939 Solin.
1070 2881 1106 2954 9,
1128 2874 1188 2937 etsi
1208 2893 1276 2936 non

80 2989 87 2996 '
120 2981 278 3062 primum,
308 2979 461 3060 insignem
483 2991 587 3040 tamen
608 2981 711 3041 locum
733 2969 816 3039 certe
839 2977 986 3040 obtinuit.
1029 2981 1105 3040 Post
1127 2980 1269 3038 Mnesar-

121 3083 232 3146 cbidae
255 3083 375 3146 obitum
403 3080 486 3144 baud
513 3081 603 3143 facile
633 3081 778 3166 cuiquam
808 3095 864 3146 aut
887 3079 1022 3162 ingenii,
1054 3091 1109 3141 aut
1134 3076 1270 3140 nominis
1336 3101 1339 3108 ·

121 3185 339 3266 magnitudine
361 3186 462 3249 cessit.
506 3182 623 3260 Quaeri
644 3198 765 3267 potest,
796 3197 936 3248 artemne
956 3185 991 3246 in
1012 3178 1196 3273 Macedonia
1218 3200 1270 3241 cu-

119 3288 230 3372 pidine
251 3288 417 3351 libidinum
436 3287 621 3379 neglexerit.
664 3289 794 3368 Ferunt,
815 3288 1010 3370 Euripidem,
1031 3297 1066 3348 ut
1088 3280 1269 3345 memoriam

120 3391 402 3458 munificentissimi
430 3394 511 3472 regis
541 3395 674 3472 oolerst',
712 3396 898 3458 Archelaum
926 3393 1062 3454 fabulam
1092 3389 1269 3470 scripsisse!

118 3498 190 3560 vit.
215 3496 324 3576 Eurip.
366 3495 578 3560 Nihilominus
594 3497 726 3576 Agatho,
748 3497 775 3559 si
795 3497 1018 3560 humanitatem
1041 3507 1072 3557 et
1093 3494 1269 3557 comitatem

119 3600 318 3683 principibus
339 3599 372 3658 in
395 3599 555 3680 tragoedia
578 3601 634 3662 illo
655 3601 725 3662 loco
746 3599 983 3676 commendavit,
1005 3619 1098 3681 quem
1117 3596 1270 3660 Stobaeus

119 3704 221 3767 Serm.
243 3707 287 3764 24
308 3723 365 3764 nec
384 3703 536 3766 trimetris
557 3696 757 3782 adstrictum,
785 3724 887 3786 neque
911 3702 956 3763 ita
977 3701 1184 3783 compositum
1206 3721 1271 3762 ser·

119 3807 224 3884 ravit,
254 3817 289 3868 ut
312 3818 448 3870 metrum*
475 3805 706 3890 quodammodo
728 3805 839 3885 refingi
862 3817 976 3888 queat,
1007 3817 1039 3866 et
1062 3804 1088 3866 si
1114 3799 1272 3865 Archelao

118 3909 188 3989 regi
205 3929 242 3970 ea
259 3909 442 3990 praecipere
460 3909 570 3986 voluit,
593 3907 854 3992 quemadmodum
877 3905 1180 3970 Barthelemius
1204 3904 1270 3964 exi·

118 4013 244 4090 stimat,
267 4014 397 4095 Voyage
420 4011 462 4075 du
483 4017 574 4090 jeune
593 4015 711 4076 Anacb.
734 4033 760 4072 c.
780 4013 840 4095 &3
869 4008 999 4072 dubium
1019 4027 1083 4069 non
1106 4018 1170 4083 est,
1192 4005 1268 4087 quin
1341 4062 1347 4074 ,

118 4114 311 4198 tragoedias,
342 4137 410 4176 cum
435 4136 499 4178 non
522 4115 676 4179 desineret
706 4113 858 4189 scrihere,
888 4123 1036 4194 tanquam
1058 4107 1268 4189 acceptissima

118 4218 212 4300 dona,
236 4239 297 4301 pro
318 4218 462 4284 maximis
485 4217 642 4281 beneficiis
664 4214 782 4298 hospiti
805 4212 954 4278 obtulerit
973 4211 1009 4296 1).
1052 4211 1134 4275 Nam
1156 4213 1214 4274 hae
1235 4212 1270 4274 in

190 4439 222 4510 1)
240 4437 415 4494 simillimum
434 4449 491 4507 est,
515 4436 586 4510 quod
605 4434 762 4509 Euripides,
779 4429 946 4488 Dicaearcho
964 4421 1068 4501 judice,
1086 4429 1115 4484 in
1134 4428 1266 4486 Archelao

221 4663 326 4765 cibe
463 4635 467 4644 ¹

313 4770 392 4805 „
