3076 4998
814 317 885 390 162

362 512 437 574 Men
459 512 581 572 kommt
604 529 643 570 zu
662 508 795 580 scbaun,
816 525 888 566 man
910 501 1048 566 willam
1071 502 1204 570 lishsten
1228 506 1315 567 sehn.

361 611 459 678 Wird
481 613 578 679 uieles
601 631 660 680 vor
682 609 742 673 deu
766 610 875 688 Augen
897 607 1136 686 abgespouneu,

363 718 405 780 So
429 715 498 778 dass
521 715 571 778 die
593 717 706 794 Mcuge
728 707 880 776 steuuend
904 709 1005 789 gaffen
1027 711 1131 786 kann,

363 823 414 882 De
437 822 509 882 heht
532 819 584 880 ihr
605 819 639 880 in
661 817 719 880 der
738 817 847 880 Breite
869 815 970 895 gleich
990 833 1181 894 gewonusn3

362 925 415 986 lhr
437 921 503 984 scid
525 921 574 982 ein
597 921 811 1000 vielgcliebter
828 919 937 982 Manu.

361 1027 423 1088 Die
444 1025 547 1086 Messe
568 1025 670 1085 ludunt
694 1023 746 1084 ihr
768 1045 828 1084 nur
850 1021 948 1086 durch
970 1021 1073 1082 Messe
1094 1016 1256 1096 zwingeu,

364 1129 424 1190 Ein
445 1126 532 1206 jeder
554 1129 642 1188 sucht
664 1125 730 1188 sich
756 1124 880 1188 endlich
902 1125 997 1186 selhst
1019 1143 1086 1186 uras
1106 1141 1162 1182 sus
1187 1141 1217 1180 u.
1227 1140 1252 1180 s.
1263 1139 1304 1182 w.

277 1231 339 1298 Sed
371 1231 514 1307 tertium,
545 1227 631 1312 quod
652 1227 824 1307 Agathonis
850 1227 1015 1310 proprium
1042 1245 1077 1286 ac
1102 1224 1260 1302 singulare
1281 1221 1360 1299 fuit,
1389 1221 1421 1284 iu

278 1332 504 1414 compositione
532 1332 617 1394 illius
640 1331 762 1394 fabulae
785 1330 951 1411 apparuit,
982 1348 1075 1411 quam
1095 1323 1233 1399 ‘Ardor
1253 1325 1424 1405 inscripsit.

278 1439 312 1499 ln
335 1457 414 1516 que,
436 1454 505 1495 cum
528 1434 623 1496 ceteri
643 1441 754 1514 poetae
776 1436 859 1496 huuc
882 1453 1000 1496 rnorem
1023 1431 1247 1506 servavissent,
1274 1441 1309 1492 ut
1331 1450 1424 1508 argu·

279 1551 385 1602 menta
408 1557 448 1598 ex
474 1536 605 1600 vetustis
632 1547 753 1598 tantum
780 1537 894 1598 iahulis
915 1535 1095 1612 haurirent,
1125 1535 1176 1596 hic
1197 1546 1236 1596 et¹
1250 1545 1350 1598 tetum
1374 1555 1424 1595 er·

279 1652 460 1722 guncentum
486 1652 517 1700 st
546 1639 675 1702 nomina
703 1638 813 1718 linxit,
844 1640 959 1722 quibus
990 1657 1143 1720 personae
1172 1639 1424 1718 appellabantur.

276 1748 389 1830 Neque
411 1745 486 1806 olim
509 1746 569 1808 hoe
598 1741 722 1804 unicum
750 1743 842 1820 hujus
864 1743 986 1822 generis
1014 1742 1171 1822 specimen
1197 1740 1336 1818 exstitit,
1368 1738 1422 1802 sed

277 1851 394 1914 multae
420 1845 572 1926 ejusmodi
593 1845 716 1907 {abulae
737 1846 885 1924 luerunt,
915 1867 933 1908 e
956 1845 1069 1927 quibus
1093 1845 1279 1908 Aristoteles
1301 1856 1424 1923 tragoe-

277 1952 362 2016 diam
383 1951 563 2029 hgathonis,
585 1961 734 2030 tanquam
755 1949 878 2028 insigne
903 1947 1121 2031 phcidssmque
1145 1950 1324 2029 exemplum
1346 1947 1424 2010 dcli-

277 2058 341 2131 bat,
363 2074 403 2114 ex
426 2073 489 2135 quo
513 2052 611 2133 possit
634 2051 786 2129 cognosci,
807 2072 847 2113 ne
871 2051 945 2114 telis
965 2050 1093 2132 quidem
1112 2064 1297 2131 argumente
1317 2073 1336 2112 a
1353 2033 1423 2112 *tre-

278 2155 395 2238 goediis
416 2156 597 2218 abhorrere.
641 2152 704 2216 Sed
728 2172 791 2216 non
815 2165 861 2217 est
890 2153 1010 2236 duplex
1036 2156 1096 2216 hoc
1123 2157 1192 2218 loco
1221 2173 1311 2218 error
1332 2173 1423 2234 prae-

277 2256 465 2335 tereundus,
498 2277 579 2320 uuus
607 2257 808 2318 Haerenii
839 2255 1011 2342 (Disputat.
1033 2257 1072 2320 de
1094 2257 1211 2320 Scient.
1238 2258 1422 2324 RenPuhl.

277 2360 386 2436 lum,
418 2359 592 2422 Commerc.
614 2370 671 2420 etc.
694 2359 730 2418 T.
752 2359 803 2418 lll.
830 2359 865 2420 P.
887 2361 911 2422 l.
935 2359 1016 2422 sect.
1039 2364 1097 2424 li:
1129 2361 1231 2438 „ttetn
1251 2359 1422 2425 erdichtote

277 2460 504 2541 Gegensttinde,
525 2461 586 2524 wie
609 2458 736 2523 beiden
751 2460 889 2538 Neuern,
910 2462 1010 2524 keuut
1032 2483 1104 2524 man
1126 2462 1255 2546 uicbt”),
1274 2443 1354 2527 alter
1366 2464 1422 2524 W.

277 2565 516 2642 Schlegelii,
547 2561 632 2646 quod
659 2564 692 2625 in
712 2564 863 2630 Praelect.
887 2563 925 2626 de
947 2567 1018 2629 Art.
1039 2577 1071 2628 et
1092 2567 1189 2628 liter.
1212 2567 1302 2630 Secu.
1328 2568 1367 2628 T.
1383 2566 1421 2626 ll.

276 2691 310 2749 p.
332 2671 383 2731 13.
426 2666 620 2744 Agathonem
643 2677 673 2726 et
699 2667 834 2747 primum
862 2669 922 2729 hoc
950 2685 1048 2747 genus
1069 2666 1240 2733 instituisse
1262 2678 1294 2728 et
1314 2669 1422 2747 plures

276 2770 396 2832 lehules
420 2767 598 2845 hujusmodi
618 2767 790 2834 condidisse
812 2783 843 2832 et
865 2773 1039 2853 principem
1061 2773 1156 2835 luisse
1179 2771 1335 2837 materiem
1356 2790 1421 2832 non

277 2895 317 2938 ex
342 2871 459 2954 mythis
489 2872 653 2936 hauriendi
682 2874 828 2938 affirmat.
872 2876 992 2953 Miror,
1024 2875 1110 2958 quod
1137 2875 1193 2936 illa
1218 2872 1421 2950 contenderit,

274 2997 356 3060 quae
379 2995 479 3058 neque
503 2978 702 3055 argumentis,
725 2997 825 3060 neque
846 2978 1022 3042 rationibus
1043 2981 1228 3060 probentur.
1271 2976 1333 3042 Sed
1353 2997 1421 3042 curn

275 3081 414 3161 primum
437 3078 531 3140 luisse
554 3093 658 3160 censet
679 3083 891 3160 Agathonam,
921 3083 976 3164 qui
999 3103 1068 3161 res,
1100 3103 1180 3164 quae
1207 3094 1296 3145 eruut
1317 3081 1351 3142 in
1375 3083 1421 3144 fe·

275 3185 374 3260 bulis,
396 3184 635 3263 contempserit,
658 3184 780 3262 egregie
803 3197 904 3260 erret,
929 3198 1100 3266 propterea
1121 3185 1208 3267 quod
1229 3188 1328 3253 multo
1348 3197 1421 3247 ente

274 3287 379 3368 ipsum
399 3299 462 3349 tum
485 3286 665 3367 Phrynicho
687 3298 818 3364 constat,
840 3307 932 3369 quem
956 3291 1111 3371 Aeschylo
1132 3289 1294 3369 placuisse,
1323 3288 1421 3351 histo·

275 3392 356 3452 ricus
378 3409 429 3450 res
451 3386 619 3467 tragoediis
641 3409 804 3453 exornare.

360 3491 441 3554 Sunt
472 3503 575 3554 autem
605 3493 639 3554 in
671 3495 831 3572 oratione,
866 3517 961 3579 quam
992 3496 1149 3576 Agathoni
1178 3495 1291 3558 tribuit
1321 3497 1421 3572 Plato,

275 3595 437 3670 nonnulla,
459 3593 611 3675 equibus
631 3595 829 3676 intelligitur,
854 3621 948 3682 quam
971 3599 1010 3662 da
1032 3611 1145 3664 natura
1166 3598 1297 3662 deorum
1318 3601 1420 3682 iisque

274 3699 377 3773 rebus,
399 3717 478 3777 quae
495 3698 527 3756 iu
543 3698 656 3762 fabulis
672 3716 869 3781 enarrantur,
892 3705 1075 3768 sententium
1094 3703 1288 3785 probauerit.
1333 3703 1420 3779 Quae

274 3799 403 3885 quidem
425 3800 605 3878 gravissima
628 3818 717 3883 suut,
745 3820 782 3868 ut
802 3810 883 3872 ratio
906 3822 1124 3889 cognoscetur,
1146 3829 1209 3891 qua
1230 3827 1298 3870 rem
1319 3808 1420 3883 aliter,

274 3918 368 3986 atque
390 3904 424 3964 in
446 3908 562 3988 mythis
582 3922 706 3972 narrate
729 3924 806 3990 erat,
828 3915 1031 3994 compositam
1049 3912 1227 3992 tragoediae
1243 3912 1420 3989 subjecerit.

273 4009 370 4070 Multi
391 4007 487 4087 igitur
506 4013 701 4092 exstiterant,
725 4016 781 4097 qui
799 4018 937 4099 mythos,
960 4020 1035 4100 quie
1057 4039 1121 4081 nou
1142 4037 1192 4080 res
1215 4035 1316 4092 seres,
1339 4036 1419 4098 quoe

272 4112 496 4192 antiquissimis
519 4119 713 4197 temporibus
735 4121 786 4181 vel
812 4120 959 4198 fuissent,
990 4126 1040 4186 vel
1064 4119 1260 4196 accidissent,
1291 4117 1345 4182 sed
1366 4139 1420 4181 ue·

273 4215 434 4292 risimiles,
457 4219 719 4300 quemadmodum
740 4223 898 4302 fingantur
919 4239 1064 4307 oportet,
1085 4226 1252 4308 ¹perhibere
1274 4221 1421 4288 videren-

274 4326 342 4390 tur,
372 4337 434 4380 nou
465 4331 581 4382 temere
610 4324 873 4404 comprobandos,
900 4329 955 4392 sed
985 4332 1019 4392 in
1048 4328 1291 4410 disputationem
1313 4325 1420 4408 potius

273 4416 430 4482 vocandos
453 4442 519 4483 esse
542 4439 713 4508 censerent,
735 4442 770 4492 ut
790 4442 821 4493 et
844 4439 994 4496 verctm'a
1015 4433 1088 4497 ficto
1111 4433 1286 4496 discernere
1309 4443 1343 4493 et
1360 4430 1420 4492 alia
1453 4497 1456 4504 .
