<?xml version="1.0" encoding="UTF-8"?>
<!DOCTYPE html PUBLIC "-//W3C//DTD XHTML 1.0 Transitional//EN"
    "http://www.w3.org/TR/xhtml1/DTD/xhtml1-transitional.dtd">
<html xmlns="http://www.w3.org/1999/xhtml" xml:lang="en" lang="en">
 <head>
  <title>
</title>
<meta http-equiv="Content-Type" content="text/html;charset=utf-8" />
  <meta name='ocr-system' content='tesseract 3.04.00' />
  <meta name='ocr-capabilities' content='ocr_page ocr_carea ocr_par ocr_line ocrx_word'/>
</head>
<body>
  <div class='ocr_page' id='page_1' title='image "./historiacritica01kaysgoog/historiacritica01kaysgoog_0168.png"; bbox 0 0 3086 4992; ppageno 0'>
   <div class='ocr_carea' id='block_1_1' title="bbox 813 285 886 356">
    <p class='ocr_par' dir='ltr' id='par_1_1' title="bbox 813 285 886 356">
     <span class='ocr_line' id='line_1_1' title="bbox 813 285 886 356; baseline 0 0"><span class='ocrx_word' id='word_1_1' title='bbox 813 285 886 356; x_wconf 77' lang='lat'>126</span> 
     </span>
    </p>
   </div>
   <div class='ocr_carea' id='block_1_2' title="bbox 276 465 1430 660">
    <p class='ocr_par' dir='ltr' id='par_1_2' title="bbox 276 465 1430 660">
     <span class='ocr_line' id='line_1_2' title="bbox 276 465 1430 554; baseline -0.003 -18"><span class='ocrx_word' id='word_1_2' title='bbox 276 473 431 548; x_wconf 87' lang='lat' dir='ltr'>aemulus,</span> <span class='ocrx_word' id='word_1_3' title='bbox 463 469 630 551; x_wconf 80' lang='lat' dir='ltr'>Euripides</span> <span class='ocrx_word' id='word_1_4' title='bbox 659 469 802 532; x_wconf 77' lang='lat' dir='ltr'><strong>addatur.</strong></span> <span class='ocrx_word' id='word_1_5' title='bbox 849 465 1057 529; x_wconf 88' lang='lat' dir='ltr'>Emendamus</span> <span class='ocrx_word' id='word_1_6' title='bbox 1083 488 1175 544; x_wconf 81' lang='lat' dir='ltr'>vero,</span> <span class='ocrx_word' id='word_1_7' title='bbox 1212 489 1276 552; x_wconf 92' lang='lat' dir='ltr'>quo</span> <span class='ocrx_word' id='word_1_8' title='bbox 1305 471 1430 554; x_wconf 86' lang='lat' dir='ltr'>reliqua</span> 
     </span>
     <span class='ocr_line' id='line_1_3' title="bbox 276 566 1430 660; baseline -0.001 -21"><span class='ocrx_word' id='word_1_9' title='bbox 276 579 409 640; x_wconf 89' lang='lat' dir='ltr'>tollatur</span> <span class='ocrx_word' id='word_1_10' title='bbox 431 573 615 636; x_wconf 80' lang='lat' dir='ltr'>difficultas:</span> <span class='ocrx_word' id='word_1_11' title='bbox 640 571 876 639; x_wconf 76' lang='grc' dir='ltr'>ἐπεδείκνυντο</span> <span class='ocrx_word' id='word_1_12' title='bbox 902 570 937 638; x_wconf 79' lang='grc' dir='ltr'>δὲ</span> <span class='ocrx_word' id='word_1_13' title='bbox 959 572 1055 656; x_wconf 70' lang='grc' dir='ltr'><strong><em>κοινῇ</em></strong></span> <span class='ocrx_word' id='word_1_14' title='bbox 1079 573 1131 639; x_wconf 78' lang='lat' dir='ltr'>sol</span> <span class='ocrx_word' id='word_1_15' title='bbox 1156 568 1221 640; x_wconf 78' lang='grc' dir='ltr'>οὐν</span> <span class='ocrx_word' id='word_1_16' title='bbox 1243 566 1430 660; x_wconf 73' lang='grc' dir='ltr'><strong><em>Εὐριπίδῃ,</em></strong></span> 
     </span>
    </p>
   </div>
   <div class='ocr_carea' id='block_1_3' title="bbox 198 673 1440 3852">
    <p class='ocr_par' dir='ltr' id='par_1_3' title="bbox 198 673 1440 3852">
     <span class='ocr_line' id='line_1_4' title="bbox 276 673 1429 759; baseline -0.005 -16"><span class='ocrx_word' id='word_1_17' title='bbox 276 686 308 746; x_wconf 91' lang='lat' dir='ltr'>h.</span> <span class='ocrx_word' id='word_1_18' title='bbox 330 702 357 742; x_wconf 89' lang='lat' dir='ltr'>e.</span> <span class='ocrx_word' id='word_1_19' title='bbox 380 679 550 759; x_wconf 90' lang='lat' dir='ltr'>Sophocles</span> <span class='ocrx_word' id='word_1_20' title='bbox 577 688 608 737; x_wconf 87' lang='lat' dir='ltr'>et</span> <span class='ocrx_word' id='word_1_21' title='bbox 631 677 770 737; x_wconf 88' lang='lat' dir='ltr'>Achaeus</span> <span class='ocrx_word' id='word_1_22' title='bbox 800 686 830 736; x_wconf 89' lang='lat' dir='ltr'>et</span> <span class='ocrx_word' id='word_1_23' title='bbox 859 673 943 734; x_wconf 90' lang='lat' dir='ltr'>inter</span> <span class='ocrx_word' id='word_1_24' title='bbox 973 692 1006 734; x_wconf 90' lang='lat' dir='ltr'>se</span> <span class='ocrx_word' id='word_1_25' title='bbox 1035 681 1066 734; x_wconf 88' lang='lat' dir='ltr'>et</span> <span class='ocrx_word' id='word_1_26' title='bbox 1092 695 1155 734; x_wconf 90' lang='lat' dir='ltr'>una</span> <span class='ocrx_word' id='word_1_27' title='bbox 1185 696 1255 735; x_wconf 92' lang='lat' dir='ltr'>cum</span> <span class='ocrx_word' id='word_1_28' title='bbox 1276 676 1429 756; x_wconf 85' lang='lat' dir='ltr'>Euripide</span> 
     </span>
     <span class='ocr_line' id='line_1_5' title="bbox 277 775 1429 859; baseline -0.009 -12"><span class='ocrx_word' id='word_1_29' title='bbox 277 781 501 848; x_wconf 77' lang='lat' dir='ltr'>contendentes</span> <span class='ocrx_word' id='word_1_30' title='bbox 523 780 642 842; x_wconf 80' lang='lat' dir='ltr'>fabulas</span> <span class='ocrx_word' id='word_1_31' title='bbox 665 777 841 840; x_wconf 89' lang='lat' dir='ltr'>ediderunt.</span> <span class='ocrx_word' id='word_1_32' title='bbox 892 777 1001 858; x_wconf 85' lang='lat' dir='ltr'>ltaque</span> <span class='ocrx_word' id='word_1_33' title='bbox 1022 775 1057 836; x_wconf 91' lang='lat' dir='ltr'>hi</span> <span class='ocrx_word' id='word_1_34' title='bbox 1079 787 1143 837; x_wconf 88' lang='lat' dir='ltr'>tres</span> <span class='ocrx_word' id='word_1_35' title='bbox 1165 777 1342 859; x_wconf 84' lang='lat' dir='ltr'>olympiade</span> <span class='ocrx_word' id='word_1_36' title='bbox 1365 779 1429 855; x_wconf 87' lang='lat' dir='ltr'>illa,</span> 
     </span>
     <span class='ocr_line' id='line_1_6' title="bbox 277 877 1429 971; baseline -0.004 -22"><span class='ocrx_word' id='word_1_37' title='bbox 277 897 371 971; x_wconf 81' lang='lat' dir='ltr'>quam</span> <span class='ocrx_word' id='word_1_38' title='bbox 388 884 499 948; x_wconf 87' lang='lat' dir='ltr'>Suidas</span> <span class='ocrx_word' id='word_1_39' title='bbox 516 882 662 959; x_wconf 80' lang='lat' dir='ltr'>declarat,</span> <span class='ocrx_word' id='word_1_40' title='bbox 683 893 840 942; x_wconf 89' lang='lat' dir='ltr'>certamen</span> <span class='ocrx_word' id='word_1_41' title='bbox 858 879 1034 940; x_wconf 81' lang='lat' dir='ltr'>fabularum</span> <span class='ocrx_word' id='word_1_42' title='bbox 1053 877 1166 940; x_wconf 89' lang='lat' dir='ltr'>obiisse</span> <span class='ocrx_word' id='word_1_43' title='bbox 1188 879 1344 942; x_wconf 81' lang='lat' dir='ltr'>videntur.</span> <span class='ocrx_word' id='word_1_44' title='bbox 1389 883 1429 944; x_wconf 90' lang='lat' dir='ltr'>Et</span> 
     </span>
     <span class='ocr_line' id='line_1_7' title="bbox 278 979 1428 1078; baseline -0.006 -26"><span class='ocrx_word' id='word_1_45' title='bbox 278 989 426 1073; x_wconf 90' lang='lat' dir='ltr'>quoniam</span> <span class='ocrx_word' id='word_1_46' title='bbox 449 987 512 1050; x_wconf 92' lang='lat' dir='ltr'>duo</span> <span class='ocrx_word' id='word_1_47' title='bbox 534 986 756 1061; x_wconf 73' lang='lat' dir='ltr'>Athenienses,</span> <span class='ocrx_word' id='word_1_48' title='bbox 784 986 886 1044; x_wconf 91' lang='lat' dir='ltr'>multo</span> <span class='ocrx_word' id='word_1_49' title='bbox 908 994 979 1078; x_wconf 79' lang='lat' dir='ltr'>ante</span> <span class='ocrx_word' id='word_1_50' title='bbox 1002 981 1209 1060; x_wconf 87' lang='lat' dir='ltr'>aemulantes,</span> <span class='ocrx_word' id='word_1_51' title='bbox 1232 979 1343 1062; x_wconf 79' lang='lat' dir='ltr'>docere</span> <span class='ocrx_word' id='word_1_52' title='bbox 1365 997 1428 1045; x_wconf 85' lang='lat' dir='ltr'>trs·</span> 
     </span>
     <span class='ocr_line' id='line_1_8' title="bbox 278 1082 1429 1172; baseline -0.004 -18"><span class='ocrx_word' id='word_1_53' title='bbox 278 1091 404 1172; x_wconf 82' lang='lat' dir='ltr'>goedias</span> <span class='ocrx_word' id='word_1_54' title='bbox 427 1102 603 1172; x_wconf 87' lang='lat' dir='ltr'>coeperant,</span> <span class='ocrx_word' id='word_1_55' title='bbox 626 1111 682 1150; x_wconf 89' lang='lat' dir='ltr'>nec</span> <span class='ocrx_word' id='word_1_56' title='bbox 704 1088 792 1149; x_wconf 83' lang='lat' dir='ltr'>facile</span> <span class='ocrx_word' id='word_1_57' title='bbox 816 1087 883 1148; x_wconf 89' lang='lat' dir='ltr'>ullo</span> <span class='ocrx_word' id='word_1_58' title='bbox 905 1103 988 1146; x_wconf 85' lang='lat' dir='ltr'>anno</span> <span class='ocrx_word' id='word_1_59' title='bbox 1010 1082 1207 1147; x_wconf 89' lang='lat' dir='ltr'>decesserunt</span> <span class='ocrx_word' id='word_1_60' title='bbox 1227 1108 1245 1147; x_wconf 94' lang='lat' dir='ltr'>a</span> <span class='ocrx_word' id='word_1_61' title='bbox 1266 1108 1367 1164; x_wconf 88' lang='lat' dir='ltr'>scena,</span> <span class='ocrx_word' id='word_1_62' title='bbox 1389 1110 1429 1150; x_wconf 86' lang='lat' dir='ltr'>ex</span> 
     </span>
     <span class='ocr_line' id='line_1_9' title="bbox 278 1189 1427 1272; baseline -0.004 -16"><span class='ocrx_word' id='word_1_63' title='bbox 278 1193 392 1256; x_wconf 83' lang='lat' dir='ltr'>Suidss</span> <span class='ocrx_word' id='word_1_64' title='bbox 416 1195 486 1254; x_wconf 92' lang='lat' dir='ltr'>loco</span> <span class='ocrx_word' id='word_1_65' title='bbox 507 1192 659 1272; x_wconf 81' lang='lat' dir='ltr'>colligam,</span> <span class='ocrx_word' id='word_1_66' title='bbox 684 1193 839 1253; x_wconf 86' lang='lat' dir='ltr'>Achaeum</span> <span class='ocrx_word' id='word_1_67' title='bbox 860 1201 932 1250; x_wconf 85' lang='lat' dir='ltr'>onte</span> <span class='ocrx_word' id='word_1_68' title='bbox 954 1189 1013 1248; x_wconf 88' lang='lat' dir='ltr'>hoc</span> <span class='ocrx_word' id='word_1_69' title='bbox 1034 1199 1158 1268; x_wconf 88' lang='lat' dir='ltr'>tempus</span> <span class='ocrx_word' id='word_1_70' title='bbox 1177 1201 1342 1268; x_wconf 85' lang='lat' dir='ltr'>expertum</span> <span class='ocrx_word' id='word_1_71' title='bbox 1364 1211 1427 1253; x_wconf 91' lang='lat' dir='ltr'>oon</span> 
     </span>
     <span class='ocr_line' id='line_1_10' title="bbox 279 1290 1428 1382; baseline -0.009 -20"><span class='ocrx_word' id='word_1_72' title='bbox 279 1319 354 1379; x_wconf 87' lang='lat' dir='ltr'>esse,</span> <span class='ocrx_word' id='word_1_73' title='bbox 377 1297 453 1382; x_wconf 91' lang='lat' dir='ltr'>quid</span> <span class='ocrx_word' id='word_1_74' title='bbox 476 1309 579 1380; x_wconf 89' lang='lat' dir='ltr'>posset</span> <span class='ocrx_word' id='word_1_75' title='bbox 599 1297 632 1356; x_wconf 89' lang='lat' dir='ltr'>in</span> <span class='ocrx_word' id='word_1_76' title='bbox 655 1317 747 1357; x_wconf 82' lang='lat' dir='ltr'>sesne</span> <span class='ocrx_word' id='word_1_77' title='bbox 768 1293 902 1360; x_wconf 85' lang='lat' dir='ltr'>efficere.</span> <span class='ocrx_word' id='word_1_78' title='bbox 943 1292 1082 1354; x_wconf 75' lang='lat' dir='ltr'>Priorem</span> <span class='ocrx_word' id='word_1_79' title='bbox 1102 1291 1200 1370; x_wconf 80' lang='lat' dir='ltr'>igitur</span> <span class='ocrx_word' id='word_1_80' title='bbox 1220 1293 1357 1354; x_wconf 73' lang='lat' dir='ltr'>tabulam</span> <span class='ocrx_word' id='word_1_81' title='bbox 1377 1290 1428 1356; x_wconf 88' lang='lat' dir='ltr'>Ol.</span> 
     </span>
     <span class='ocr_line' id='line_1_11' title="bbox 281 1393 1428 1478; baseline -0.01 -11"><span class='ocrx_word' id='word_1_82' title='bbox 281 1407 322 1466; x_wconf 81' lang='grc'>83</span> <span class='ocrx_word' id='word_1_83' title='bbox 346 1402 468 1478; x_wconf 91' lang='lat' dir='ltr'>docuit,</span> <span class='ocrx_word' id='word_1_84' title='bbox 490 1423 560 1462; x_wconf 91' lang='lat' dir='ltr'>cum</span> <span class='ocrx_word' id='word_1_85' title='bbox 582 1399 710 1478; x_wconf 76' lang='lat' dir='ltr'>triginta</span> <span class='ocrx_word' id='word_1_86' title='bbox 731 1419 788 1461; x_wconf 87' lang='lat' dir='ltr'>aex</span> <span class='ocrx_word' id='word_1_87' title='bbox 809 1417 907 1460; x_wconf 87' lang='lat' dir='ltr'>annos</span> <span class='ocrx_word' id='word_1_88' title='bbox 929 1396 1056 1472; x_wconf 89' lang='lat' dir='ltr'>hsbuit,</span> <span class='ocrx_word' id='word_1_89' title='bbox 1076 1393 1225 1460; x_wconf 81' lang='lat' dir='ltr'>adsersus</span> <span class='ocrx_word' id='word_1_90' title='bbox 1245 1395 1428 1475; x_wconf 83' lang='lat' dir='ltr'>Euripidem</span> 
     </span>
     <span class='ocr_line' id='line_1_12' title="bbox 280 1500 1429 1586; baseline -0.003 -18"><span class='ocrx_word' id='word_1_91' title='bbox 280 1519 312 1567; x_wconf 91' lang='lat' dir='ltr'>et</span> <span class='ocrx_word' id='word_1_92' title='bbox 333 1505 522 1586; x_wconf 85' lang='lat' dir='ltr'>Sophoclem</span> <span class='ocrx_word' id='word_1_93' title='bbox 543 1523 694 1586; x_wconf 81' lang='lat' dir='ltr'>pugnans.</span> <span class='ocrx_word' id='word_1_94' title='bbox 738 1503 772 1562; x_wconf 89' lang='lat' dir='ltr'>ln</span> <span class='ocrx_word' id='word_1_95' title='bbox 796 1521 860 1584; x_wconf 91' lang='lat' dir='ltr'>quo</span> <span class='ocrx_word' id='word_1_96' title='bbox 882 1500 1103 1564; x_wconf 89' lang='lat' dir='ltr'>Ulrichsius</span> <span class='ocrx_word' id='word_1_97' title='bbox 1126 1504 1192 1580; x_wconf 64' lang='lat' dir='ltr'>ps2</span> <span class='ocrx_word' id='word_1_98' title='bbox 1211 1500 1304 1562; x_wconf 83' lang='lat' dir='ltr'>nohis</span> <span class='ocrx_word' id='word_1_99' title='bbox 1324 1518 1429 1564; x_wconf 76' lang='lat' dir='ltr'>assoo-</span> 
     </span>
     <span class='ocr_line' id='line_1_13' title="bbox 279 1601 1429 1686; baseline -0.007 -16"><span class='ocrx_word' id='word_1_100' title='bbox 279 1609 368 1671; x_wconf 87' lang='lat' dir='ltr'>titur.</span> <span class='ocrx_word' id='word_1_101' title='bbox 420 1606 482 1670; x_wconf 90' lang='lat' dir='ltr'>Sed</span> <span class='ocrx_word' id='word_1_102' title='bbox 503 1617 646 1670; x_wconf 86' lang='lat' dir='ltr'>notemus</span> <span class='ocrx_word' id='word_1_103' title='bbox 670 1610 734 1682; x_wconf 81' lang='lat' dir='ltr'>ejus</span> <span class='ocrx_word' id='word_1_104' title='bbox 754 1620 912 1682; x_wconf 80' lang='lat' dir='ltr'>errorem,</span> <span class='ocrx_word' id='word_1_105' title='bbox 935 1602 1037 1686; x_wconf 91' lang='lat' dir='ltr'>quod,</span> <span class='ocrx_word' id='word_1_106' title='bbox 1059 1603 1280 1684; x_wconf 77' lang='lat' dir='ltr'>lexicogr&#39;spho</span> <span class='ocrx_word' id='word_1_107' title='bbox 1303 1601 1429 1664; x_wconf 84' lang='lat' dir='ltr'>nonnisi</span> 
     </span>
     <span class='ocr_line' id='line_1_14' title="bbox 280 1707 1429 1793; baseline -0.005 -20"><span class='ocrx_word' id='word_1_108' title='bbox 280 1710 489 1793; x_wconf 87' lang='lat' dir='ltr'>olympiadem</span> <span class='ocrx_word' id='word_1_109' title='bbox 511 1709 717 1788; x_wconf 75' lang='lat' dir='ltr'>significante,</span> <span class='ocrx_word' id='word_1_110' title='bbox 739 1708 850 1786; x_wconf 84' lang='lat' dir='ltr'>adjecit</span> <span class='ocrx_word' id='word_1_111' title='bbox 873 1708 940 1788; x_wconf 86' lang='lat' dir='ltr'>ipse</span> <span class='ocrx_word' id='word_1_112' title='bbox 962 1727 1128 1770; x_wconf 88' lang='lat' dir='ltr'>numerum</span> <span class='ocrx_word' id='word_1_113' title='bbox 1148 1707 1238 1782; x_wconf 86' lang='lat' dir='ltr'>anni,</span> <span class='ocrx_word' id='word_1_114' title='bbox 1259 1725 1352 1788; x_wconf 80' lang='lat' dir='ltr'>quom</span> <span class='ocrx_word' id='word_1_115' title='bbox 1373 1727 1429 1768; x_wconf 81' lang='lat' dir='ltr'>ve·</span> 
     </span>
     <span class='ocr_line' id='line_1_15' title="bbox 279 1809 1429 1889; baseline -0.005 -13"><span class='ocrx_word' id='word_1_116' title='bbox 279 1835 355 1876; x_wconf 87' lang='lat' dir='ltr'>reor</span> <span class='ocrx_word' id='word_1_117' title='bbox 373 1827 409 1875; x_wconf 87' lang='lat' dir='ltr'>ut</span> <span class='ocrx_word' id='word_1_118' title='bbox 425 1813 457 1878; x_wconf 89' lang='lat' dir='ltr'>in</span> <span class='ocrx_word' id='word_1_119' title='bbox 479 1813 581 1874; x_wconf 86' lang='lat' dir='ltr'>veteri</span> <span class='ocrx_word' id='word_1_120' title='bbox 598 1821 801 1874; x_wconf 87' lang='lat' dir='ltr'>monumento</span> <span class='ocrx_word' id='word_1_121' title='bbox 817 1811 985 1873; x_wconf 85' lang='lat' dir='ltr'>invenerit.</span> <span class='ocrx_word' id='word_1_122' title='bbox 1029 1812 1106 1872; x_wconf 88' lang='lat' dir='ltr'>Item</span> <span class='ocrx_word' id='word_1_123' title='bbox 1129 1810 1299 1872; x_wconf 85' lang='lat' dir='ltr'>Vossius</span> <span class='ocrx_word' id='word_1_124' title='bbox 1321 1809 1429 1889; x_wconf 81' lang='lat' dir='ltr'>inepte</span> 
     </span>
     <span class='ocr_line' id='line_1_16' title="bbox 279 1915 1429 1999; baseline -0.006 -18"><span class='ocrx_word' id='word_1_125' title='bbox 279 1925 405 1998; x_wconf 83' lang='lat' dir='ltr'>po&#39;e&#39;tsm</span> <span class='ocrx_word' id='word_1_126' title='bbox 429 1917 529 1978; x_wconf 78' lang='lat' dir='ltr'>relect</span> <span class='ocrx_word' id='word_1_127' title='bbox 552 1915 592 1977; x_wconf 85' lang='lat' dir='ltr'>ad</span> <span class='ocrx_word' id='word_1_128' title='bbox 613 1937 684 1978; x_wconf 91' lang='lat' dir='ltr'>eum</span> <span class='ocrx_word' id='word_1_129' title='bbox 706 1917 817 1979; x_wconf 82' lang='lat' dir='ltr'>estatis</span> <span class='ocrx_word' id='word_1_130' title='bbox 839 1937 956 1978; x_wconf 87' lang='lat' dir='ltr'>annum</span> <span class='ocrx_word' id='word_1_131' title='bbox 978 1935 1076 1999; x_wconf 88' lang='lat' dir='ltr'>usque</span> <span class='ocrx_word' id='word_1_132' title='bbox 1097 1915 1258 1992; x_wconf 85' lang='lat' dir='ltr'>floruisse,</span> <span class='ocrx_word' id='word_1_133' title='bbox 1280 1927 1429 1998; x_wconf 76' lang='lat' dir='ltr'>tanquam</span> 
     </span>
     <span class='ocr_line' id='line_1_17' title="bbox 282 2017 1432 2100; baseline -0.002 -19"><span class='ocrx_word' id='word_1_134' title='bbox 282 2040 435 2082; x_wconf 90' lang='lat' dir='ltr'>summam</span> <span class='ocrx_word' id='word_1_135' title='bbox 456 2019 591 2080; x_wconf 90' lang='lat' dir='ltr'>nominis</span> <span class='ocrx_word' id='word_1_136' title='bbox 613 2020 743 2099; x_wconf 75' lang='lat' dir='ltr'>gloriam</span> <span class='ocrx_word' id='word_1_137' title='bbox 765 2021 817 2081; x_wconf 83' lang='lat' dir='ltr'>sel</span> <span class='ocrx_word' id='word_1_138' title='bbox 839 2020 958 2096; x_wconf 74' lang='lat' dir='ltr'>iulans,</span> <span class='ocrx_word' id='word_1_139' title='bbox 978 2022 1030 2082; x_wconf 72' lang='lat' dir='ltr'>uel</span> <span class='ocrx_word' id='word_1_140' title='bbox 1051 2041 1149 2100; x_wconf 88' lang='lat' dir='ltr'>puer,</span> <span class='ocrx_word' id='word_1_141' title='bbox 1169 2021 1220 2082; x_wconf 84' lang='lat' dir='ltr'>rel</span> <span class='ocrx_word' id='word_1_142' title='bbox 1241 2020 1334 2080; x_wconf 78' lang='lat' dir='ltr'>etism</span> <span class='ocrx_word' id='word_1_143' title='bbox 1355 2017 1432 2080; x_wconf 81' lang='lat' dir='ltr'>ado·</span> 
     </span>
     <span class='ocr_line' id='line_1_18' title="bbox 281 2120 1431 2202; baseline 0 -20"><span class='ocrx_word' id='word_1_144' title='bbox 281 2124 400 2184; x_wconf 88' lang='lat' dir='ltr'>lescens</span> <span class='ocrx_word' id='word_1_145' title='bbox 422 2120 481 2182; x_wconf 91' lang='lat' dir='ltr'>sihi</span> <span class='ocrx_word' id='word_1_146' title='bbox 503 2140 701 2201; x_wconf 76' lang='lat' dir='ltr'>comparere,</span> <span class='ocrx_word' id='word_1_147' title='bbox 727 2142 784 2182; x_wconf 88' lang='lat' dir='ltr'>nec</span> <span class='ocrx_word' id='word_1_148' title='bbox 805 2121 955 2184; x_wconf 85' lang='lat' dir='ltr'>adversus</span> <span class='ocrx_word' id='word_1_149' title='bbox 977 2124 1187 2186; x_wconf 77' lang='lat' dir='ltr'>nobilissimos</span> <span class='ocrx_word' id='word_1_150' title='bbox 1209 2122 1292 2184; x_wconf 88' lang='lat' dir='ltr'>idem</span> <span class='ocrx_word' id='word_1_151' title='bbox 1313 2122 1431 2202; x_wconf 84' lang='lat' dir='ltr'>princi·</span> 
     </span>
     <span class='ocr_line' id='line_1_19' title="bbox 198 2225 1432 2306; baseline -0.003 -18"><span class='ocrx_word' id='word_1_152' title='bbox 198 2261 201 2268; x_wconf 93' lang='lat'>·</span> <span class='ocrx_word' id='word_1_153' title='bbox 281 2246 337 2306; x_wconf 88' lang='lat' dir='ltr'>pes</span> <span class='ocrx_word' id='word_1_154' title='bbox 361 2246 428 2287; x_wconf 86' lang='lat' dir='ltr'>eam</span> <span class='ocrx_word' id='word_1_155' title='bbox 451 2225 593 2286; x_wconf 89' lang='lat' dir='ltr'>obtinere</span> <span class='ocrx_word' id='word_1_156' title='bbox 616 2225 767 2305; x_wconf 88' lang='lat' dir='ltr'>potuerit.</span> <span class='ocrx_word' id='word_1_157' title='bbox 820 2226 875 2288; x_wconf 85' lang='lat' dir='ltr'>Ait</span> <span class='ocrx_word' id='word_1_158' title='bbox 901 2226 1002 2304; x_wconf 82' lang='lat' dir='ltr'>enim,</span> <span class='ocrx_word' id='word_1_159' title='bbox 1031 2225 1160 2288; x_wconf 82' lang='lat' dir='ltr'>Soidsm</span> <span class='ocrx_word' id='word_1_160' title='bbox 1186 2226 1432 2306; x_wconf 82' lang='lat' dir='ltr'>interpretetus:</span> 
     </span>
     <span class='ocr_line' id='line_1_20' title="bbox 283 2325 1432 2413; baseline -0.003 -22"><span class='ocrx_word' id='word_1_161' title='bbox 283 2331 469 2413; x_wconf 76' lang='lat' dir='ltr'>„Olympiade</span> <span class='ocrx_word' id='word_1_162' title='bbox 484 2330 611 2390; x_wconf 81' lang='lat' dir='ltr'><em>LXXIV</em></span> <span class='ocrx_word' id='word_1_163' title='bbox 627 2350 716 2412; x_wconf 80' lang='lat' dir='ltr'>usque</span> <span class='ocrx_word' id='word_1_164' title='bbox 735 2331 777 2390; x_wconf 82' lang='lat' dir='ltr'>ad</span> <span class='ocrx_word' id='word_1_165' title='bbox 800 2332 843 2392; x_wconf 81' lang='lat'>01.</span> <span class='ocrx_word' id='word_1_166' title='bbox 858 2334 1010 2396; x_wconf 78' lang='lat' dir='ltr'><em>LXXXIV</em></span> <span class='ocrx_word' id='word_1_167' title='bbox 1027 2335 1131 2394; x_wconf 74' lang='lat' dir='ltr'>deruit</span> <span class='ocrx_word' id='word_1_168' title='bbox 1149 2331 1309 2392; x_wconf 79' lang='lat' dir='ltr'>Ashosue&#39;&#39;</span> <span class='ocrx_word' id='word_1_169' title='bbox 1352 2325 1432 2388; x_wconf 85' lang='lat' dir='ltr'>Cum</span> 
     </span>
     <span class='ocr_line' id='line_1_21' title="bbox 282 2431 1432 2516; baseline -0.001 -23"><span class='ocrx_word' id='word_1_170' title='bbox 282 2435 315 2494; x_wconf 91' lang='lat' dir='ltr'>in</span> <span class='ocrx_word' id='word_1_171' title='bbox 337 2432 446 2507; x_wconf 81' lang='lat' dir='ltr'>cornici</span> <span class='ocrx_word' id='word_1_172' title='bbox 459 2432 557 2494; x_wconf 86' lang='lat' dir='ltr'>Rsois</span> <span class='ocrx_word' id='word_1_173' title='bbox 578 2443 792 2492; x_wconf 79' lang='lat' dir='ltr'>memorentur</span> <span class='ocrx_word' id='word_1_174' title='bbox 814 2433 1044 2516; x_wconf 63' lang='lat' dir='ltr'>homiues-qui</span> <span class='ocrx_word' id='word_1_175' title='bbox 1065 2433 1212 2514; x_wconf 75' lang='lat' dir='ltr'>tr&#39;sgicam</span> <span class='ocrx_word' id='word_1_176' title='bbox 1233 2431 1343 2512; x_wconf 70' lang='lat' dir='ltr'>poesin</span> <span class='ocrx_word' id='word_1_177' title='bbox 1365 2451 1432 2492; x_wconf 89' lang='lat' dir='ltr'>sus-</span> 
     </span>
     <span class='ocr_line' id='line_1_22' title="bbox 282 2532 1432 2617; baseline -0.002 -21"><span class='ocrx_word' id='word_1_178' title='bbox 282 2536 421 2611; x_wconf 84' lang='lat' dir='ltr'>tineant,</span> <span class='ocrx_word' id='word_1_179' title='bbox 445 2546 517 2614; x_wconf 90' lang='lat' dir='ltr'>post</span> <span class='ocrx_word' id='word_1_180' title='bbox 535 2533 658 2595; x_wconf 84' lang='lat' dir='ltr'>obitum</span> <span class='ocrx_word' id='word_1_181' title='bbox 680 2534 845 2613; x_wconf 76' lang='lat' dir='ltr'>Aeschyli,</span> <span class='ocrx_word' id='word_1_182' title='bbox 876 2536 1058 2617; x_wconf 85' lang='lat' dir='ltr'>Sophoclis,</span> <span class='ocrx_word' id='word_1_183' title='bbox 1088 2532 1249 2615; x_wconf 86' lang='lat' dir='ltr'>Euripidis</span> <span class='ocrx_word' id='word_1_184' title='bbox 1270 2539 1432 2611; x_wconf 84' lang='lat' dir='ltr'>jacentem,</span> 
     </span>
     <span class='ocr_line' id='line_1_23' title="bbox 282 2636 1433 2717; baseline -0.003 -15"><span class='ocrx_word' id='word_1_185' title='bbox 282 2639 398 2702; x_wconf 85' lang='lat' dir='ltr'>Achaei</span> <span class='ocrx_word' id='word_1_186' title='bbox 427 2655 541 2699; x_wconf 88' lang='lat' dir='ltr'>nomen</span> <span class='ocrx_word' id='word_1_187' title='bbox 569 2636 825 2717; x_wconf 86' lang='lat' dir='ltr'>praetermissum</span> <span class='ocrx_word' id='word_1_188' title='bbox 853 2651 910 2700; x_wconf 90' lang='lat' dir='ltr'>est.</span> <span class='ocrx_word' id='word_1_189' title='bbox 954 2637 1107 2716; x_wconf 78' lang='lat' dir='ltr'>Quocirca</span> <span class='ocrx_word' id='word_1_190' title='bbox 1121 2639 1269 2701; x_wconf 83' lang='lat' dir='ltr'>:Achaeus</span> <span class='ocrx_word' id='word_1_191' title='bbox 1290 2649 1355 2698; x_wconf 90' lang='lat' dir='ltr'>tum</span> <span class='ocrx_word' id='word_1_192' title='bbox 1377 2649 1433 2698; x_wconf 88' lang='lat' dir='ltr'>aut</span> 
     </span>
     <span class='ocr_line' id='line_1_24' title="bbox 283 2738 1433 2824; baseline -0.003 -20"><span class='ocrx_word' id='word_1_193' title='bbox 283 2742 397 2806; x_wconf 88' lang='lat' dir='ltr'>obiisse</span> <span class='ocrx_word' id='word_1_194' title='bbox 426 2738 570 2816; x_wconf 82' lang='lat' dir='ltr'>videtur,</span> <span class='ocrx_word' id='word_1_195' title='bbox 601 2750 655 2800; x_wconf 88' lang='lat' dir='ltr'>sut</span> <span class='ocrx_word' id='word_1_196' title='bbox 678 2757 802 2800; x_wconf 75' lang='lat' dir='ltr'>scenam</span> <span class='ocrx_word' id='word_1_197' title='bbox 825 2741 1061 2804; x_wconf 70' lang='lat' dir='ltr'>Atheniensium</span> <span class='ocrx_word' id='word_1_198' title='bbox 1083 2741 1264 2824; x_wconf 68' lang='lat' dir='ltr'>reliquisse,</span> <span class='ocrx_word' id='word_1_199' title='bbox 1294 2751 1329 2800; x_wconf 89' lang='lat' dir='ltr'>ut</span> <span class='ocrx_word' id='word_1_200' title='bbox 1352 2741 1433 2800; x_wconf 83' lang='lat' dir='ltr'>hene</span> 
     </span>
     <span class='ocr_line' id='line_1_25' title="bbox 283 2841 1433 2924; baseline -0.003 -17"><span class='ocrx_word' id='word_1_201' title='bbox 283 2842 501 2907; x_wconf 84' lang='lat' dir='ltr'>Ulriehsius</span> <span class='ocrx_word' id='word_1_202' title='bbox 517 2841 748 2923; x_wconf 81' lang='lat' dir='ltr'>sninradvertit.</span> <span class='ocrx_word' id='word_1_203' title='bbox 792 2843 855 2908; x_wconf 78' lang='lat' dir='ltr'>sed</span> <span class='ocrx_word' id='word_1_204' title='bbox 869 2845 902 2906; x_wconf 88' lang='lat' dir='ltr'>in</span> <span class='ocrx_word' id='word_1_205' title='bbox 916 2867 1028 2924; x_wconf 80' lang='lat' dir='ltr'>magne</span> <span class='ocrx_word' id='word_1_206' title='bbox 1040 2845 1264 2907; x_wconf 77' lang='lat' dir='ltr'>sententiarum</span> <span class='ocrx_word' id='word_1_207' title='bbox 1281 2843 1433 2906; x_wconf 76' lang='lat' dir='ltr'>varietate</span> 
     </span>
     <span class='ocr_line' id='line_1_26' title="bbox 284 2945 1436 3032; baseline -0.003 -23"><span class='ocrx_word' id='word_1_208' title='bbox 284 2969 320 3009; x_wconf 88' lang='lat' dir='ltr'>ac</span> <span class='ocrx_word' id='word_1_209' title='bbox 348 2946 541 3009; x_wconf 86' lang='lat' dir='ltr'>dissensione</span> <span class='ocrx_word' id='word_1_210' title='bbox 559 2947 716 3026; x_wconf 74' lang='lat' dir='ltr'>luerunt,</span> <span class='ocrx_word' id='word_1_211' title='bbox 747 2950 809 3032; x_wconf 18' lang='lat' dir='ltr'>qui,</span> <span class='ocrx_word' id='word_1_212' title='bbox 825 2949 864 3012; x_wconf 88' lang='lat' dir='ltr'>de</span> <span class='ocrx_word' id='word_1_213' title='bbox 887 2949 1003 3011; x_wconf 81' lang='lat' dir='ltr'>tabulis</span> <span class='ocrx_word' id='word_1_214' title='bbox 1024 2951 1116 3026; x_wconf 88' lang='lat' dir='ltr'>hujus</span> <span class='ocrx_word' id='word_1_215' title='bbox 1137 2949 1305 3010; x_wconf 82' lang='lat' dir='ltr'>memoriae</span> <span class='ocrx_word' id='word_1_216' title='bbox 1325 2945 1436 3026; x_wconf 79' lang='lat' dir='ltr'>prudi-</span> 
     </span>
     <span class='ocr_line' id='line_1_27' title="bbox 285 3048 1436 3134; baseline -0.003 -21"><span class='ocrx_word' id='word_1_217' title='bbox 285 3051 410 3128; x_wconf 89' lang='lat' dir='ltr'>dsrunt,</span> <span class='ocrx_word' id='word_1_218' title='bbox 432 3070 568 3132; x_wconf 90' lang='lat' dir='ltr'>quorum</span> <span class='ocrx_word' id='word_1_219' title='bbox 591 3051 647 3112; x_wconf 85' lang='lat' dir='ltr'>slii</span> <span class='ocrx_word' id='word_1_220' title='bbox 668 3050 876 3134; x_wconf 78' lang='lat' dir='ltr'>quadraginta</span> <span class='ocrx_word' id='word_1_221' title='bbox 899 3065 1046 3134; x_wconf 86' lang='lat' dir='ltr'>quatuor,</span> <span class='ocrx_word' id='word_1_222' title='bbox 1068 3053 1122 3114; x_wconf 83' lang='lat' dir='ltr'>alii</span> <span class='ocrx_word' id='word_1_223' title='bbox 1143 3053 1282 3132; x_wconf 76' lang='lat' dir='ltr'>triginta,</span> <span class='ocrx_word' id='word_1_224' title='bbox 1302 3050 1359 3112; x_wconf 82' lang='lat' dir='ltr'>alii</span> <span class='ocrx_word' id='word_1_225' title='bbox 1379 3048 1436 3110; x_wconf 89' lang='lat' dir='ltr'>de·</span> 
     </span>
     <span class='ocr_line' id='line_1_28' title="bbox 285 3148 1436 3237; baseline -0.001 -21"><span class='ocrx_word' id='word_1_226' title='bbox 285 3156 382 3237; x_wconf 86' lang='lat' dir='ltr'>nique</span> <span class='ocrx_word' id='word_1_227' title='bbox 415 3154 527 3233; x_wconf 82' lang='lat' dir='ltr'>viginti</span> <span class='ocrx_word' id='word_1_228' title='bbox 556 3166 694 3236; x_wconf 88' lang='lat' dir='ltr'>quatuor</span> <span class='ocrx_word' id='word_1_229' title='bbox 727 3155 762 3215; x_wconf 89' lang='lat' dir='ltr'>ei</span> <span class='ocrx_word' id='word_1_230' title='bbox 787 3157 977 3218; x_wconf 81' lang='lat' dir='ltr'>tribuerunt.</span> <span class='ocrx_word' id='word_1_231' title='bbox 1028 3154 1158 3218; x_wconf 81' lang='lat' dir='ltr'>Suidss:</span> <span class='ocrx_word' id='word_1_232' title='bbox 1190 3155 1246 3220; x_wconf 80' lang='lat' dir='ltr'>sol</span> <span class='ocrx_word' id='word_1_233' title='bbox 1275 3148 1436 3236; x_wconf 74' lang='grc' dir='ltr'><strong><em>δράματα</em></strong></span> 
     </span>
     <span class='ocr_line' id='line_1_29' title="bbox 285 3251 1437 3342; baseline -0.002 -19"><span class='ocrx_word' id='word_1_234' title='bbox 285 3256 414 3334; x_wconf 77' lang='grc' dir='ltr'><strong><em>ἐδίδαξε</em></strong></span> <span class='ocrx_word' id='word_1_235' title='bbox 438 3251 512 3339; x_wconf 74' lang='grc' dir='ltr'>μδ,</span> <span class='ocrx_word' id='word_1_236' title='bbox 544 3262 576 3322; x_wconf 87' lang='grc' dir='ltr'>οἱ</span> <span class='ocrx_word' id='word_1_237' title='bbox 598 3257 633 3322; x_wconf 74' lang='grc' dir='ltr'>δὲ</span> <span class='ocrx_word' id='word_1_238' title='bbox 662 3256 845 3341; x_wconf 72' lang='grc' dir='ltr'><strong><em>τριάκοντα</em></strong></span> <span class='ocrx_word' id='word_1_239' title='bbox 875 3251 1105 3342; x_wconf 67' lang='grc' dir='ltr'>ἱστορήκασιν,</span> <span class='ocrx_word' id='word_1_240' title='bbox 1134 3253 1317 3326; x_wconf 72' lang='grc' dir='ltr'>ἄλλωνδ’.</span> <span class='ocrx_word' id='word_1_241' title='bbox 1372 3255 1437 3316; x_wconf 84' lang='lat' dir='ltr'>Hic</span> 
     </span>
     <span class='ocr_line' id='line_1_30' title="bbox 288 3359 1437 3440; baseline -0.003 -20"><span class='ocrx_word' id='word_1_242' title='bbox 288 3371 393 3420; x_wconf 81' lang='lat' dir='ltr'>autem</span> <span class='ocrx_word' id='word_1_243' title='bbox 419 3378 586 3433; x_wconf 87' lang='lat' dir='ltr'>numerus,</span> <span class='ocrx_word' id='word_1_244' title='bbox 620 3379 713 3439; x_wconf 86' lang='lat' dir='ltr'>quern</span> <span class='ocrx_word' id='word_1_245' title='bbox 737 3359 849 3422; x_wconf 89' lang='lat' dir='ltr'>ultimo</span> <span class='ocrx_word' id='word_1_246' title='bbox 873 3359 984 3440; x_wconf 87' lang='lat' dir='ltr'>posuit</span> <span class='ocrx_word' id='word_1_247' title='bbox 1003 3361 1092 3438; x_wconf 85' lang='lat' dir='ltr'>loeo,</span> <span class='ocrx_word' id='word_1_248' title='bbox 1118 3359 1356 3428; x_wconf 48' lang='lat' dir='ltr'>&#39;ferendasznon</span> <span class='ocrx_word' id='word_1_249' title='bbox 1378 3367 1437 3432; x_wconf 87' lang='lat' dir='ltr'>est,</span> 
     </span>
     <span class='ocr_line' id='line_1_31' title="bbox 289 3459 1438 3544; baseline -0.003 -22"><span class='ocrx_word' id='word_1_250' title='bbox 289 3459 375 3542; x_wconf 89' lang='lat' dir='ltr'>quod</span> <span class='ocrx_word' id='word_1_251' title='bbox 405 3473 525 3540; x_wconf 87' lang='lat' dir='ltr'>septem</span> <span class='ocrx_word' id='word_1_252' title='bbox 554 3461 675 3522; x_wconf 74' lang='lat' dir='ltr'>fabulas</span> <span class='ocrx_word' id='word_1_253' title='bbox 704 3463 869 3543; x_wconf 76' lang='lat' dir='ltr'>satyricus,</span> <span class='ocrx_word' id='word_1_254' title='bbox 898 3483 1034 3544; x_wconf 81' lang='lat' dir='ltr'>quarum</span> <span class='ocrx_word' id='word_1_255' title='bbox 1056 3463 1184 3524; x_wconf 88' lang='lat' dir='ltr'>nomina</span> <span class='ocrx_word' id='word_1_256' title='bbox 1205 3461 1296 3528; x_wconf 82' lang='lat' dir='ltr'>nuliis</span> <span class='ocrx_word' id='word_1_257' title='bbox 1324 3460 1438 3520; x_wconf 77' lang='lat' dir='ltr'>relicta</span> 
     </span>
     <span class='ocr_line' id='line_1_32' title="bbox 287 3561 1439 3642; baseline -0.003 -18"><span class='ocrx_word' id='word_1_258' title='bbox 287 3574 371 3638; x_wconf 77' lang='lat' dir='ltr'>sunt,</span> <span class='ocrx_word' id='word_1_259' title='bbox 393 3581 455 3623; x_wconf 85' lang='lat' dir='ltr'>non</span> <span class='ocrx_word' id='word_1_260' title='bbox 479 3562 584 3642; x_wconf 90' lang='lat' dir='ltr'>potuit</span> <span class='ocrx_word' id='word_1_261' title='bbox 605 3576 747 3627; x_wconf 83' lang='lat' dir='ltr'>veterum</span> <span class='ocrx_word' id='word_1_262' title='bbox 763 3585 856 3628; x_wconf 88' lang='lat' dir='ltr'>more</span> <span class='ocrx_word' id='word_1_263' title='bbox 879 3565 1000 3641; x_wconf 79' lang='lat' dir='ltr'>docere,</span> <span class='ocrx_word' id='word_1_264' title='bbox 1021 3565 1082 3626; x_wconf 90' lang='lat' dir='ltr'>nisi</span> <span class='ocrx_word' id='word_1_265' title='bbox 1103 3586 1175 3626; x_wconf 81' lang='lat' dir='ltr'>eum</span> <span class='ocrx_word' id='word_1_266' title='bbox 1189 3587 1252 3629; x_wconf 77' lang='lat' dir='ltr'>una</span> <span class='ocrx_word' id='word_1_267' title='bbox 1272 3575 1304 3624; x_wconf 91' lang='lat' dir='ltr'>et</span> <span class='ocrx_word' id='word_1_268' title='bbox 1323 3561 1439 3641; x_wconf 82' lang='lat' dir='ltr'>viginti</span> 
     </span>
     <span class='ocr_line' id='line_1_33' title="bbox 286 3663 1439 3750; baseline -0.003 -23"><span class='ocrx_word' id='word_1_269' title='bbox 286 3663 457 3745; x_wconf 83' lang='lat' dir='ltr'>tragoediis</span> <span class='ocrx_word' id='word_1_270' title='bbox 479 3670 668 3742; x_wconf 82' lang='lat' dir='ltr'>conjunctas.</span> <span class='ocrx_word' id='word_1_271' title='bbox 709 3668 777 3731; x_wconf 88' lang='lat' dir='ltr'>Nec</span> <span class='ocrx_word' id='word_1_272' title='bbox 800 3669 930 3748; x_wconf 82' lang='lat' dir='ltr'>triginta</span> <span class='ocrx_word' id='word_1_273' title='bbox 951 3667 1049 3745; x_wconf 82' lang='lat' dir='ltr'>dedit,</span> <span class='ocrx_word' id='word_1_274' title='bbox 1070 3669 1098 3732; x_wconf 92' lang='lat' dir='ltr'>si</span> <span class='ocrx_word' id='word_1_275' title='bbox 1118 3665 1439 3750; x_wconf 76' lang='lat' dir='ltr'>quaternsssingulis</span> 
     </span>
     <span class='ocr_line' id='line_1_34' title="bbox 290 3767 1440 3852; baseline -0.003 -21"><span class='ocrx_word' id='word_1_276' title='bbox 290 3767 399 3832; x_wconf 82' lang='lat' dir='ltr'>diebus</span> <span class='ocrx_word' id='word_1_277' title='bbox 419 3787 600 3851; x_wconf 86' lang='lat' dir='ltr'>proponere</span> <span class='ocrx_word' id='word_1_278' title='bbox 618 3784 831 3835; x_wconf 82' lang='lat' dir='ltr'>consueuerat.</span> <span class='ocrx_word' id='word_1_279' title='bbox 875 3773 1015 3834; x_wconf 76' lang='lat' dir='ltr'>Praestet</span> <span class='ocrx_word' id='word_1_280' title='bbox 1030 3770 1135 3850; x_wconf 67' lang='lat' dir='ltr'>»igitur</span> <span class='ocrx_word' id='word_1_281' title='bbox 1155 3771 1293 3852; x_wconf 76' lang='lat' dir='ltr'>primun</span> <span class='ocrx_word' id='word_1_282' title='bbox 1314 3768 1440 3848; x_wconf 74' lang='lat' dir='ltr'>signum</span> 
     </span>
    </p>
   </div>
   <div class='ocr_carea' id='block_1_4' title="bbox 162 3871 1441 3957">
    <p class='ocr_par' dir='ltr' id='par_1_4' title="bbox 162 3871 1441 3957">
     <span class='ocr_line' id='line_1_35' title="bbox 162 3871 1441 3957; baseline -0.007 -19"><span class='ocrx_word' id='word_1_283' title='bbox 162 3874 166 3882; x_wconf 72' lang='grc'><strong>’</strong></span> <span class='ocrx_word' id='word_1_284' title='bbox 288 3876 440 3954; x_wconf 78' lang='lat' dir='ltr'>probare,</span> <span class='ocrx_word' id='word_1_285' title='bbox 473 3894 513 3934; x_wconf 90' lang='lat' dir='ltr'>ex</span> <span class='ocrx_word' id='word_1_286' title='bbox 535 3893 598 3955; x_wconf 87' lang='lat' dir='ltr'>quo</span> <span class='ocrx_word' id='word_1_287' title='bbox 621 3873 829 3956; x_wconf 76' lang='lat' dir='ltr'>quadraginta</span> <span class='ocrx_word' id='word_1_288' title='bbox 850 3887 988 3957; x_wconf 77' lang='lat' dir='ltr'>quatuor</span> <span class='ocrx_word' id='word_1_289' title='bbox 1009 3875 1143 3955; x_wconf 82' lang='lat' dir='ltr'>scripsit.</span> <span class='ocrx_word' id='word_1_290' title='bbox 1198 3871 1289 3935; x_wconf 89' lang='lat' dir='ltr'>Unde</span> <span class='ocrx_word' id='word_1_291' title='bbox 1314 3883 1362 3932; x_wconf 86' lang='lat' dir='ltr'>est</span> <span class='ocrx_word' id='word_1_292' title='bbox 1383 3891 1441 3930; x_wconf 82' lang='lat' dir='ltr'>na-</span> 
     </span>
    </p>
   </div>
   <div class='ocr_carea' id='block_1_5' title="bbox 288 3972 1445 4366">
    <p class='ocr_par' dir='ltr' id='par_1_5' title="bbox 288 3972 1444 4266">
     <span class='ocr_line' id='line_1_36' title="bbox 288 3972 1442 4060; baseline 0.003 -23"><span class='ocrx_word' id='word_1_293' title='bbox 288 3987 356 4038; x_wconf 90' lang='lat' dir='ltr'>tum</span> <span class='ocrx_word' id='word_1_294' title='bbox 376 3977 516 4054; x_wconf 82' lang='lat' dir='ltr'>fortasse,</span> <span class='ocrx_word' id='word_1_295' title='bbox 538 3975 624 4058; x_wconf 89' lang='lat' dir='ltr'>quod</span> <span class='ocrx_word' id='word_1_296' title='bbox 643 3976 780 4040; x_wconf 86' lang='lat' dir='ltr'>Eodocia</span> <span class='ocrx_word' id='word_1_297' title='bbox 794 3980 902 4041; x_wconf 85' lang='lat' dir='ltr'>hahet:</span> <span class='ocrx_word' id='word_1_298' title='bbox 928 3975 1054 4054; x_wconf 75' lang='grc' dir='ltr'><strong><em>ἐδίδαξε</em></strong></span> <span class='ocrx_word' id='word_1_299' title='bbox 1071 3976 1229 4060; x_wconf 73' lang='grc' dir='ltr'><strong><em>δράματα</em></strong></span> <span class='ocrx_word' id='word_1_300' title='bbox 1247 3973 1312 4050; x_wconf 77' lang='grc' dir='ltr'>ξδ’.</span> <span class='ocrx_word' id='word_1_301' title='bbox 1352 3972 1442 4032; x_wconf 70' lang='lat' dir='ltr'>Hfless</span> 
     </span>
     <span class='ocr_line' id='line_1_37' title="bbox 290 4075 1444 4164; baseline -0.003 -26"><span class='ocrx_word' id='word_1_302' title='bbox 290 4080 373 4139; x_wconf 86' lang='lat' dir='ltr'>enim</span> <span class='ocrx_word' id='word_1_303' title='bbox 397 4079 486 4158; x_wconf 91' lang='lat' dir='ltr'>copia</span> <span class='ocrx_word' id='word_1_304' title='bbox 498 4083 608 4155; x_wconf 67' lang='lat' dir='ltr'>vmajor</span> <span class='ocrx_word' id='word_1_305' title='bbox 630 4095 685 4159; x_wconf 91' lang='lat' dir='ltr'>est,</span> <span class='ocrx_word' id='word_1_306' title='bbox 705 4101 802 4164; x_wconf 87' lang='lat' dir='ltr'>quarn</span> <span class='ocrx_word' id='word_1_307' title='bbox 821 4101 902 4162; x_wconf 86' lang='lat' dir='ltr'>quae</span> <span class='ocrx_word' id='word_1_308' title='bbox 922 4101 990 4142; x_wconf 85' lang='lat' dir='ltr'>curn</span> <span class='ocrx_word' id='word_1_309' title='bbox 1013 4100 1166 4142; x_wconf 83' lang='lat' dir='ltr'>sonorum</span> <span class='ocrx_word' id='word_1_310' title='bbox 1182 4075 1347 4138; x_wconf 83' lang='lat' dir='ltr'>conciliari</span> <span class='ocrx_word' id='word_1_311' title='bbox 1366 4091 1444 4156; x_wconf 87' lang='lat' dir='ltr'>pos-</span> 
     </span>
     <span class='ocr_line' id='line_1_38' title="bbox 290 4179 1078 4266; baseline 0.005 -25"><span class='ocrx_word' id='word_1_312' title='bbox 290 4181 332 4241; x_wconf 85' lang='lat' dir='ltr'>sit</span> <span class='ocrx_word' id='word_1_313' title='bbox 352 4179 566 4259; x_wconf 88' lang='lat' dir='ltr'>multitudina,</span> <span class='ocrx_word' id='word_1_314' title='bbox 587 4203 644 4264; x_wconf 85' lang='lat' dir='ltr'>per</span> <span class='ocrx_word' id='word_1_315' title='bbox 668 4204 747 4266; x_wconf 87' lang='lat' dir='ltr'>quos</span> <span class='ocrx_word' id='word_1_316' title='bbox 769 4184 868 4248; x_wconf 89' lang='lat' dir='ltr'>coluit</span> <span class='ocrx_word' id='word_1_317' title='bbox 889 4184 951 4243; x_wconf 86' lang='lat' dir='ltr'>hoc</span> <span class='ocrx_word' id='word_1_318' title='bbox 969 4188 1078 4262; x_wconf 72' lang='lat' dir='ltr'>genus</span> 
     </span>
    </p>

    <p class='ocr_par' dir='ltr' id='par_1_6' title="bbox 376 4281 1445 4366">
     <span class='ocr_line' id='line_1_39' title="bbox 376 4281 1445 4366; baseline -0.001 -24"><span class='ocrx_word' id='word_1_319' title='bbox 376 4283 599 4364; x_wconf 85' lang='lat' dir='ltr'>Aristophanes</span> <span class='ocrx_word' id='word_1_320' title='bbox 623 4307 679 4348; x_wconf 86' lang='lat' dir='ltr'>nse</span> <span class='ocrx_word' id='word_1_321' title='bbox 700 4286 776 4349; x_wconf 82' lang='lat' dir='ltr'>ritis</span> <span class='ocrx_word' id='word_1_322' title='bbox 807 4285 923 4347; x_wconf 83' lang='lat' dir='ltr'>Achaei</span> <span class='ocrx_word' id='word_1_323' title='bbox 952 4287 1070 4366; x_wconf 79' lang='lat' dir='ltr'>carpit,</span> <span class='ocrx_word' id='word_1_324' title='bbox 1108 4303 1166 4346; x_wconf 84' lang='lat' dir='ltr'>nec</span> <span class='ocrx_word' id='word_1_325' title='bbox 1192 4281 1300 4346; x_wconf 83' lang='lat' dir='ltr'>leudes</span> <span class='ocrx_word' id='word_1_326' title='bbox 1331 4281 1445 4358; x_wconf 82' lang='lat' dir='ltr'>cllert3</span> 
     </span>
    </p>
   </div>
   <div class='ocr_carea' id='block_1_6' title="bbox 197 4383 1444 4468">
    <p class='ocr_par' dir='ltr' id='par_1_7' title="bbox 197 4383 1444 4468">
     <span class='ocr_line' id='line_1_40' title="bbox 197 4383 1444 4468; baseline -0.009 -14"><span class='ocrx_word' id='word_1_327' title='bbox 197 4441 202 4454; x_wconf 93' lang='lat'>.</span> <span class='ocrx_word' id='word_1_328' title='bbox 293 4387 363 4442; x_wconf 82' lang='lat' dir='ltr'>na&#39;m</span> <span class='ocrx_word' id='word_1_329' title='bbox 387 4402 512 4446; x_wconf 85' lang='lat' dir='ltr'>versum</span> <span class='ocrx_word' id='word_1_330' title='bbox 534 4393 599 4465; x_wconf 80' lang='lat' dir='ltr'>ejus</span> <span class='ocrx_word' id='word_1_331' title='bbox 620 4389 654 4448; x_wconf 83' lang='lat' dir='ltr'>ih</span> <span class='ocrx_word' id='word_1_332' title='bbox 675 4389 786 4451; x_wconf 78' lang='lat' dir='ltr'>llsnss&#39;</span> <span class='ocrx_word' id='word_1_333' title='bbox 804 4393 863 4452; x_wconf 77' lang='lat' dir='ltr'>tta</span> <span class='ocrx_word' id='word_1_334' title='bbox 885 4389 929 4450; x_wconf 79' lang='lat' dir='ltr'>ita</span> <span class='ocrx_word' id='word_1_335' title='bbox 951 4386 1100 4464; x_wconf 82' lang='lat' dir='ltr'>includit,</span> <span class='ocrx_word' id='word_1_336' title='bbox 1129 4391 1184 4465; x_wconf 86' lang='lat' dir='ltr'>ut,</span> <span class='ocrx_word' id='word_1_337' title='bbox 1212 4383 1288 4468; x_wconf 83' lang='lat' dir='ltr'>quid</span> <span class='ocrx_word' id='word_1_338' title='bbox 1310 4385 1381 4468; x_wconf 87' lang='lat' dir='ltr'>ipse</span> <span class='ocrx_word' id='word_1_339' title='bbox 1405 4383 1444 4444; x_wconf 88' lang='lat' dir='ltr'>de</span> 
     </span>
    </p>
   </div>
   <div class='ocr_carea' id='block_1_7' title="bbox 0 0 1564 4992">
    <p class='ocr_par' dir='ltr' id='par_1_8' title="bbox 0 0 1564 4992">
     <span class='ocr_line' id='line_1_41' title="bbox 0 0 1564 4992; baseline 0 0"><span class='ocrx_word' id='word_1_340' title='bbox 0 0 1564 4992; x_wconf 95' lang='lat' dir='ltr'> </span> 
     </span>
    </p>
   </div>
  </div>
 </body>
</html>
