3060 5000
793 277 868 354 318

261 469 481 556 olympiodori
501 469 536 532 in
558 468 625 532 Vit.
646 469 769 533 Platon.
790 476 945 547 praestate
968 461 1103 546 ἐποίησε
1124 459 1159 528 δὲ
1181 460 1237 530 toi
1262 459 1403 546 coenred

260 573 436 661 nosipsos
453 564 756 655 ueidsdvpopdeeoi
776 564 934 638 roiville
953 557 1045 644 erud,
1067 559 1155 646 deese
1172 557 1287 630 odero
1305 564 1405 630 atesi·

259 703 372 756 unone,
397 679 457 759 tris
479 668 678 757 Σωκράτους
700 671 878 754 nerpodaie
901 667 1088 754 decerpis.
1130 665 1170 726 Et
1193 665 1334 756 Aelionp,
1356 675 1405 726 ta·

261 779 352 845 metei
372 781 458 845 solue
479 775 660 850 memoriam
682 776 774 852 hunus
797 773 845 836 rei
868 772 1011 846 sustinet
1035 790 1105 832 cum
1127 767 1197 832 eliis
1218 766 1257 829 de
1271 768 1405 845 ,caussis

262 894 328 944 tum
349 901 386 942 eo
408 880 541 947 maxime
562 875 655 950 fidem
677 871 963 958 teneamusque
983 873 1017 937 in
1040 863 1236 935 adornandis·
1250 871 1407 934 mosoni-

262 987 320 1049 bus
344 982 453 1048 eodem
475 983 593 1050 termae
613 1001 729 1060 genere
756 1000 829 1049 usus
852 990 916 1054 est,
944 976 1069 1041 cumin
1093 973 1207 1068 fabulis
1228 995 1263 1036 ea
1285 973 1405 1042 dudum

263 1089 368 1151 velere
389 1087 541 1152 desiisset.
585 1084 729 1167 Namque
746 1085 940 1175 *Thrasyllus
955 1094 1008 1168 ep:
1030 1079 1204 1158 Diogenem
1224 1079 1330 1142 Ls‘c'rt.
1350 1079 1406 1154 lll,

158 1221 160 1234 ·
266 1194 323 1254 56:
354 1184 549 1273 Θράσυλλος
571 1185 605 1254 ds'
629 1209 708 1271 pnes
731 1188 786 1256 eui
809 1183 900 1254 sossi
917 1177 983 1265 sris
1004 1175 1407 1268 spepatieeespoioriuv

263 1292 418 1360 ἐκδοῦναι
441 1281 545 1368 αὐτὸν
568 1285 650 1362 τούς
676 1285 862 1376 διαλόγους.
914 1285 963 1348 Cf·
986 1283 1311 1346 Schleiermecher
1334 1286 1407 1346 Pla·

263 1409 327 1458 ton.
344 1397 367 1472 l,
385 1397 438 1456 23.
481 1392 565 1456 ldem
588 1393 691 1473 potesis
713 1391 851 1458 studium
872 1389 1049 1470 Appuleius
1070 1385 1407 1474 teruennenses.

264 1502 330 1580 p.2
351 1505 581 1561 commemoret·
626 1492 708 1556 Vide
725 1497 869 1572 Menag.
885 1491 924 1552 ad
939 1491 1073 1570 Diogen.
1088 1489 1191 1553 Le'e'rt.
1209 1492 1231 1552 l.
1242 1493 1265 1554 l.
1307 1492 1325 1551 J
1330 1511 1407 1552 oue.

266 1600 304 1662 de
326 1599 443 1680 Script.
464 1598 546 1661 ltin.
568 1598 648 1660 Ptit.
665 1599 688 1676 l,
708 1601 758 1660 to.
794 1597 1012 1660 Gaeaubou.
1034 1592 1073 1656 de
1094 1592 1158 1656 Set.
1173 1595 1304 1660 Roman„
1318 1595 1408 1656 ross.

266 1704 290 1782 l,
304 1702 560 1773 5.„Welclser.
581 1700 708 1780 Trilog.=
722 1723 754 1782 p.
770 1703 843 1776 527,
865 1698 958 1763 eund.
975 1699 1070 1778 Treg.
1085 1697 1141 1760 Gr.
1162 1720 1195 1778 p.
1205 1701 1283 1762 set.
1323 1694 1409 1773 Quid

267 1818 369 1884 autem
392 1805 441 1875 vir
464 1803 604 1869 omnium
627 1804 764 1880 maxime
793 1803 1002 1882 adsumendis,
1034 1811 1129 1886 queue
1156 1821 1249 1864 nemo
1277 1800 1409 1879 moeniis

235 1889 236 1898 ἵ
266 1909 470 1989 moribusque
497 1906 899 1990 serenissimumque
928 1905 1165 1970 similitudinem
1185 1901 1417 1994 exprimendis,¹

269 2032 363 2082 nemo
385 2011 507 2078 excelse
528 2031 563 2072 ec
590 2022 699 2095 tenere
718 2009 834 2074 'indole
862 2010 985 2092 poetica
1014 2010 1106 2086 vicit,
1133 2025 1225 2070 neuso
1246 2005 1356 2068 subtili
1375 2027 1411 2068 eo

269 2111 434 2196 splendida
456 2111 579 2173 dicendi
608 2125 674 2172 erte
705 2113 882 2192 superavit,
909 2113 1030 2195 qrrique
1053 2113 1123 2193 ipse
1141 2109 1228 2173 ritae
1247 2109 1411 2172 sanctitate

268 2215 456 2300 praeprimis
485 2213 768 2297 luiteruspicuue,
797 2216 830 2277 ie
855 2216 971 2294 tragica
992 2215 1081 2296 potiri
1102 2213 1225 2276 efficere
1245 2213 1411 2294 potuisset,

268 2321 296 2384 si
321 2339 445 2385 ornnem
468 2337 597 2400 operere
627 2317 657 2380 ei
686 2336 857 2400 omnesque
889 2318 988 2396 vires,
1018 2335 1111 2400 quam
1140 2317 1291 2395 juveniles
1317 2315 1410 2380 ludos

269 2423 409 2486 tribuere
430 2420 595 2489 maluisset.
609 2417 653 2504 ¹)i

354 2520 567 2604 Polyidus.
588 2521 734 2586 ¹Nomen
756 2530 884 2603 pe'e'tae,
902 2519 955 2598 ,de
977 2540 1041 2604 quo
1070 2542 1155 2586 nune
1180 2520 1283 2584 dicere
1305 2522 1412 2602 ingre·

269 2628 389 2707 dimus,
408 2626 469 2690 etsi
488 2624 559 2688 aliis
579 2623 613 2687 in
634 2625 725 2690 libris
746 2626 840 2690 aliter
860 2625 1025 2707 scriptum,
1047 2624 1184 2690 editores
1203 2647 1307 2708 nuper
1328 2646 1412 2688 com·

272 2784 555 2806 ..n—-a--n-——n—flfl

342 2883 372 2954 1)
394 2881 541 2936 suasanus
565 2863 876 2952 wyttenbachidm
901 2883 937 2936 na
963 2860 1295 2936 cartennensem
1319 2879 1414 2953 rupu-

270 2983 384 3028 tantem:
411 2971 571 3041 Ft‘aeiet.p.
590 2971 696 3024 Vtere.
715 2971 859 3044 edLipe.:
884 2971 973 3040 „Nem
991 2969 1043 3024 sive
1061 2981 1250 3042 argumentum
1268 2969 1414 3037 (Platonis)

270 3073 430 3136 spectemus,
442 3058 550 3132 acquod
563 3058 649 3128 majus
661 3058 822 3130 graviusque
835 3075 890 3114 esse
904 3071 999 3131 potest,
1009 3058 1119 3130 eoquod
1129 3058 1277 3112 hamanum
1292 3059 1413 3115 ausimum

270 3162 316 3206 aut
331 3150 445 3223 propius
459 3149 606 3220 attingere,
630 3157 678 3205 aut
694 3147 875 3206 vehementius
892 3147 1049 3213 sollicitare,
1068 3165 1156 3218 'quam
1175 3145 1301 3218 cogitatio
1319 3145 1352 3200 de
1370 3146 1414 3198 fu·

272 3252 331 3296 ture
356 3239 397 3294 sui
423 3249 483 3310 post
506 3237 575 3290 hauc
600 3235 678 3290 ritem
704 3235 857 3290 conditione
876 3247 903 3290 et
924 3233 1142 3290 immortalitate?
1176 3233 1237 3288 Sive
1256 3233 1416 3306 colloquen-

271 3329 337 3382 tium
353 3343 488 3397 personas,
504 3334 616 3394 tempus,
634 3323 724 3376 iocum
742 3323 892 3376 intuemur:
911 3321 1043 3390 Socrates,
1064 3321 1245 3398 philosophiae
1258 3343 1363 3396 parens,
1382 3324 1414 3376 ad

274 3426 388 3469 mortem
407 3411 609 3477 condemnatus,
629 3409 723 3464 ultimo
743 3411 809 3462 vilae
829 3409 871 3464 die
890 3411 918 3462 in
937 3406 1044 3466 carcere
1063 3429 1124 3464 cum
1144 3411 1235 3464 amicis
1253 3423 1279 3465 el
1297 3413 1417 3485 discipu-

273 3505 305 3556 lis
324 3502 399 3556 solit'e
419 3501 543 3554 comitate
568 3517 601 3552 ac
622 3499 719 3550 mentis
742 3498 931 3568 tranquillitate
950 3497 983 3551 de
1002 3497 1054 3571 hoc
1071 3511 1229 3570 argumento
1249 3499 1287 3557 sic
1305 3500 1417 3568 disserit,

274 3609 330 3645 non
349 3587 429 3642 ulad
450 3597 579 3654 mortem,
603 3587 650 3640 sed
673 3585 706 3639 ad
731 3586 933 3640 beatam'ritam
953 3604 1016 3640 cum
1034 3587 1084 3640 diis
1101 3584 1298 3642 immortalibus
1313 3587 1417 3658 degen-

275 3679 338 3732 dam
356 3697 386 3731 se
402 3677 474 3730 abire
494 3677 666 3730 demonstret.
702 3673 764 3727 Sive
781 3685 898 3730 caeteras
917 3687 1046 3749 tanquam
1068 3677 1194 3732 dramatis
1216 3683 1303 3749 partes
1316 3676 1418 3730 consi-

274 3767 407 3834 deremus,
426 3785 520 3820 ornnes
538 3765 587 3818 hae
607 3773 706 3835 partes,
727 3765 855 3830 actiones,
881 3783 1027 3830 sennense,
1044 3765 1161 3836 initium,
1180 3782 1345 3840 pmgressue,
1359 3768 1419 3822 ¹exi-

275 3866 316 3911 tus
335 3875 393 3910 eam
412 3853 510 3908 habent
529 3871 619 3906 rerum
639 3871 671 3906 ac
688 3852 868 3925 dispositionis
885 3855 1036 3921 ceritatem,
1060 3874 1131 3927 quae
1149 3853 1420 3928 legentiumanimos

274 3941 467 3998 incredibiliter
485 3940 580 4012 capiet,
605 3953 694 4024 tenea}
712 3955 737 3997 et
756 3943 828 3997 vario
848 3942 975 4016 deinceps
993 3943 1092 4000 allecto
1112 3954 1204 4018 terret,
1222 3942 1420 4018 sollicitudinis,

276 4029 528 4098 commiserationis,
555 4029 751 4099 admirationis,
781 4031 981 4086 benevolentiae
1007 4044 1087 4104 atque
1111 4032 1139 4085 in
1166 4050 1223 4089 rem
1252 4043 1418 4104 praesentem

276 4119 417 4190 ipsumque
439 4117 468 4170 in
494 4119 584 4173 locum
607 4119 727 4186 auferat,
752 4119 797 4172 ubi
818 4117 866 4190 ipsi
885 4117 913 4170 in
933 4139 1041 4173 carcere
1059 4119 1200 4184 Socratem
1220 4115 1247 4174 e't
1265 4119 1420 4192 loquentem

276 4205 369 4262 audire
387 4215 413 4260 et
431 4207 590 4268 morientem
611 4209 699 4261 ridere
717 4209 872 4274 rideantur,
897 4219 926 4262 ul
950 4206 993 4263 hic
1016 4206 1138 4286 diaiogus
1160 4207 1216 4263 n'on
1233 4201 1320 4262 ¹modo
1338 4210 1421 4280 justae

276 4296 428 4367 tragoediae
454 4313 597 4348 numerum
620 4296 751 4361 obtineat,
777 4296 822 4349 sed
842 4295 916 4352 omui
937 4297 1056 4370 quamvis
1073 4297 1156 4352 flebili
1174 4299 1422 4371 tragoedia-cilica-

278 4384 336 4438 cior
354 4384 386 4437 sit
405 4383 437 4438 ad
458 4382 729 4439 communicationem
750 4383 863 4442 aflectus
881 4403 913 4440 ac
932 4385 1030 4442 doloris
1049 4397 1098 4442 etc.
