3044 4982
641 284 690 360 43

97 482 124 544 si
147 477 302 560 vigesimo
322 472 434 538 aetatis
455 493 537 536 anno
558 471 696 555 primum
717 475 751 538 in
764 487 894 540 ¹scenam
915 477 1016 556 yenit,
1038 477 1070 540 id
1093 478 1178 561 quod
1201 478 1251 545 Ul.
1309 557 1313 564 Ι

97 589 153 663 95,
176 589 196 645 2
218 582 337 644 lactum
361 589 417 657 est,
437 589 479 656 et,
500 578 527 640 si
549 576 786 661 quadragesimo
807 581 917 642 aetatis
938 600 1020 644 anuo
1042 582 1176 644 sumitur
1196 583 1252 644 tali

99 687 244 770 praemio
268 704 335 745 esse
357 693 499 758 ornatus,
520 681 695 760 levitatem,
716 683 767 744 vel
790 683 996 744 temeritatem
1014 683 1252 750 Atheniensium

102 813 174 854 cum
195 788 340 866 Diogene
363 785 528 862 miramur,
558 783 676 866 quippe
699 785 755 866 qui
775 784 995 867 Astydamanti
1016 788 1252 868 postposuerint

99 893 312 973 Aeschylum,
343 889 394 949 cui
422 899 494 950 ante
524 887 661 970 Lycurgi
688 891 883 968 rogationem
916 879 1038 970 signum
1067 894 1252 954 collocatum

100 1017 166 1058 non
188 1004 237 1055 est
259 989 311 1056 01.
331 994 403 1069 103,
423 997 456 1054 4.
498 991 604 1072 Atque
626 993 687 1054 hoc
706 992 811 1073 ipsum
832 995 1005 1073 exprobrat
1025 993 1064 1055 iis
1085 994 1252 1074 Diogenes,

101 1095 190 1182 quod
210 1094 317 1177 primo
336 1091 555 1176 Astydamanti
576 1094 610 1154 in
630 1094 778 1176 Aeschyli
799 1096 913 1174 schola,
934 1097 993 1158 hoc
1013 1108 1069 1174 est,
1090 1119 1166 1178 prae
1183 1098 1252 1178 ipso

103 1201 252 1280 magistro
275 1198 476 1260 simulacrum
496 1199 753 1263 consecraverint.
797 1199 878 1262 Nam
900 1200 1074 1263 locutiones
1098 1207 1128 1267 οἱ
1149 1197 1253 1286 ἀμφί,

102 1310 137 1371 oc‘
158 1303 235 1388 saepi
257 1321 321 1364 non
347 1302 448 1364 solum
469 1313 645 1380 sectatores,
665 1322 775 1367 verum
792 1303 886 1364 etiam
901 1302 1060 1384 principes
1077 1303 1251 1365 scholarum

101 1405 290 1486 significant.
323 1403 542 1468 Bernhard.
563 1405 653 1487 Synt.
675 1406 741 1468 1.1.
784 1407 1016 1478 Buttmann.
1037 1405 1092 1468 Gr.
1114 1405 1252 1466 Gramm.

101 1532 135 1590 p.
157 1509 234 1571 447.
284 1507 474 1588 Appositum
496 1527 570 1570 sane
590 1508 775 1572 temeritatis
797 1512 991 1591 exemplum,
1020 1511 1114 1593 quale
1134 1509 1254 1588 Dioge·

103 1630 159 1673 nes
188 1629 368 1691 proponere
398 1607 516 1672 voluit!
561 1609 648 1686 Quae
678 1610 804 1693 quidem
835 1633 905 1676 cum
934 1597 991 1674 itax
1008 1614 1086 1690 sint,
1119 1611 1252 1695 quiade

103 1714 253 1796 Aeschyli
281 1713 387 1776 schola
416 1732 480 1776 uon
512 1710 648 1792 cogitet?
702 1714 745 1774 At
772 1735 904 1792 vereor,
936 1727 973 1776 ut
1001 1714 1130 1795 plurimi
1158 1713 1253 1776 fidem

105 1815 262 1895 Diogenis
282 1837 342 1878 non
369 1827 488 1878 tantam
510 1836 575 1878 esse
603 1816 800 1895 existiment,
834 1818 885 1880 cui
913 1820 971 1878 hec
999 1818 1032 1878 in
1061 1839 1096 1880 re
1126 1816 1251 1879 credere

103 1941 166 2002 par
187 1919 239 1980 sit.
280 1920 390 2003 Itaque
406 1919 534 1982 tertium
556 1919 721 1983 afferamus
738 1920 891 1983 Athenaei
907 1922 1021 1998 locum,
1042 1939 1106 2002 quo
1122 1919 1148 1980 is
1165 1920 1254 1980 scho-

104 2025 169 2084 lam
192 2025 340 2107 Aeschyli
363 2035 584 2086 commemorat
604 2026 630 2103 I,
653 2026 704 2085 19.
722 2023 765 2084 E:
792 2022 976 2108 Ἀθηναῖοι
998 2023 1037 2091 di*
1053 2016 1252 2106 suiEsipu-

103 2124 241 2209 κλείδην
264 2130 302 2192 ἐν
324 2127 371 2212 τῷ
394 2121 528 2212 θεάτρῳ
555 2119 743 2209 ἀνέστησαν
767 2120 853 2209 perd
877 2127 944 2194 suin
967 2126 1043 2209 auspi
1065 2120 1251 2213 Αἰσχύλον.

104 2226 226 2293 Omitto
246 2227 395 2308 pluribus
417 2227 456 2294 de
480 2231 538 2290 hac
558 2246 593 2290 re
615 2227 787 2310 disputare,
813 2241 849 2290 ut
870 2250 968 2292 unum
987 2227 1145 2306 definiam,
1167 2228 1251 2310 quod

106 2332 181 2394 satis
200 2330 314 2396 videor
336 2333 470 2413 eruisse,
496 2333 711 2414 grammaticos
733 2333 860 2396 secundi
882 2346 953 2416 post
975 2333 1134 2394 Christum
1157 2330 1253 2392 seculi

104 2436 143 2499 de
166 2437 316 2521 Aeschyli
345 2437 450 2499 schola
477 2437 627 2517 cogitasse
651 2437 743 2520 eique
765 2435 1018 2521 Astydamantem
1044 2434 1251 2518 adscripsisse.

103 2537 197 2614 Quod
220 2559 285 2600 non
308 2540 473 2618 iecissent,
501 2541 535 2602 ni
555 2550 663 2622 poetas
685 2541 893 2620 invenissent,
920 2542 975 2624 qui
996 2541 1147 2604 nonnulla
1169 2539 1252 2600 inter

102 2664 136 2705 se
159 2642 338 2704 communia
359 2643 509 2706 haherent
530 2645 569 2704 ab
590 2643 756 2725 Aeschylo.

192 2743 254 2808 Sed
276 2746 351 2823 illa,
383 2766 463 2826 quae
492 2745 524 2806 in
551 2745 665 2806 fabulis
692 2744 732 2808 ad
758 2746 993 2810 similitudinem
1020 2745 1169 2829 principis
1197 2765 1251 2806 ex·

104 2860 299 2930 presserunt,
323 2869 395 2912 care
418 2869 457 2910 ne
478 2848 538 2910 tibi
559 2849 652 2912 nimis
674 2853 782 2930 multa,
804 2853 855 2915 vel
877 2864 1020 2914 accurata
1040 2849 1148 2930 fingas.
1188 2848 1252 2910 Ne·

106 2973 171 3035 que
192 2953 275 3016 enim
301 2962 483 3031 argumenta
505 2952 543 3011 ab
567 2952 722 3034 Aeschylo
745 2967 961 3033 sumpserunt,
992 2974 1061 3014 cum
1085 2963 1164 3014 totas
1186 2956 1251 3028 ejus
1333 2997 1334 3003 1

104 3057 227 3120 fabulas
248 3067 472 3134 retractarent,
499 3073 556 3114 nec
578 3065 706 3134 possent
727 3065 870 3136 sperare,
897 3055 1105 3115 immortalem
1125 3062 1251 3134 poetam
1335 3037 1338 3044 ¹

103 3185 122 3224 a
143 3182 178 3225 se
204 3172 389 3242 superatum
408 3159 461 3222 iri.
511 3159 557 3222 Ut
579 3158 771 3222 Melanthius
791 3155 936 3220 Medeam
960 3156 1101 3236 scripsit,
1132 3156 1166 3214 iu
1188 3175 1252 3236 qua

105 3287 178 3328 eum
199 3263 319 3326 imitari
340 3283 403 3326 non
425 3263 548 3345 potuit3
576 3261 730 3324 Philocles
752 3283 808 3325 sex
829 3257 1002 3341 tragoedias
1024 3259 1120 3354 iecit,
1134 3278 1173 3318 ue
1195 3247 1272 3320 uni*

104 3366 236 3452 quidem
266 3387 374 3428 earum
403 3365 569 3445 subjiciens
600 3366 777 3443 materiem,
811 3367 849 3427 ab
878 3362 1030 3445 Aeschylo
1059 3374 1251 3424 exornatam.

104 3472 227 3534 Contra
260 3470 447 3555 Astydamas
479 3473 586 3551 junior
618 3473 816 3550 Alcmenam,
851 3470 1024 3551 Epigonos,
1056 3467 1252 3530 Palamedem

104 3576 233 3658 scripsit
246 3577 377 3656 fabulas,
399 3578 433 3638 in
455 3576 569 3660 quibus
589 3572 628 3636 ad
653 3580 717 3652 eius
741 3575 901 3654 exemplar
922 3579 962 3636 se'
976 3572 1117 3634 conlerre
1138 3573 1251 3654 potuit.

105 3681 146 3742 Et
169 3680 326 3742 Philocles
350 3677 479 3762 quidem
501 3675 692 3756 tragoediam
714 3678 815 3740 fertur
835 3676 960 3738 vinculo
982 3675 1163 3754 tetralogiae
1183 3681 1252 3752 jun-

107 3784 191 3846 xisse
211 3785 406 3868 formamque
423 3784 583 3864 delegisse,
605 3803 684 3865 quae
700 3781 846 3844 avunculi
860 3779 989 3862 propria
1005 3780 1115 3840 luerat.
1158 3778 1251 3840 Unde

107 3890 355 3953 Welckerus
376 3891 460 3952 hunc
482 3887 600 3953 vinculi
623 3885 749 3948 modum
770 3886 920 3969 posteris,
953 3884 1109 3969 quotquot
1131 3884 1169 3943 ab
1190 3883 1251 3942 Ae-

105 3994 216 4074 schylo
238 3993 378 4074 proximi
401 3993 546 4072 tuissent,
571 3990 742 4074 placuisse,
768 4011 826 4051 nec
846 3988 976 4068 vestigia
999 3992 1063 4065 ejus
1084 3986 1117 4046 in
1138 3985 1176 4043 iis
1197 3981 1250 4042 de·

105 4094 241 4158 siderari
266 4095 446 4176 perhibuit,
479 4117 558 4177 quae
580 4094 619 4156 de
640 4092 897 4175 Astydamantum
923 4088 1011 4172 poe'si
1037 4093 1250 4162 narrarentur,
1298 4117 1303 4128 ν

104 4199 224 4274 Trilog.
248 4219 282 4278 p.
297 4201 370 4260 524.
399 4195 551 4276 Tragoad.
571 4197 626 4260 Gr.
648 4200 683 4258 P.
698 4197 749 4258 111.
772 4217 805 4276 p.
820 4197 914 4272 1056,
937 4193 1032 4252 1059.
1081 4186 1147 4248 Neo
1167 4197 1249 4248 artes

105 4289 215 4390 iidem·
225 4313 434 4384 respuerunt,
467 4300 580 4383 quibus
604 4299 792 4362 recentiores
816 4307 928 4378 poetae
954 4288 1062 4374 poe'sin
1086 4290 1251 4368 augebant.

105 4408 176 4468 Huc
199 4404 285 4468 enim
307 4417 338 4466 et
359 4403 526 4468 libidinosa
548 4415 579 4466 et
598 4403 760 4465 lacrimosa
778 4398 952 4480 argumenti
971 4390 1100 4471 indoles,
1122 4407 1152 4456 et
1169 4391 1250 4454 ratio
