3072 5012
166 317 322 398 ,94

292 493 368 579 οἵας
383 500 417 567 of
434 501 495 567 νῦν
512 499 572 578 τὰς
587 498 688 566 κατὰ
706 494 888 590 optem
902 498 1029 578 caitae
1044 497 1104 580 τοὶς
1120 497 1422 588 δυσκολοκάμπτους

291 606 482 699 ἐπετρίβετο
500 603 705 695 τυπτόμενος
724 606 859 688 πολλάς,
881 603 928 686 ὦς
943 607 1004 687 τὰς
1027 603 1172 686 Μούσας
1191 606 1369 696 ἇφοιυίζυι,

272 727 369 810 atque
381 715 583 808 τῷπεριττῷ
603 715 779 806 respondet
800 714 839 781 τὸ
852 712 975 802 pedisse
996 711 1235 804 ευ-σιφυιᾶζειτ
1257 718 1345 808 quod
1357 713 1424 783 Pol-

271 824 328 892 lux
355 825 581 913 interpretatur
614 824 793 913 περιέργοις
820 823 933 909 μέλισι
957 821 1128 909 χρῆσθαι·
1162 847 1226 916 quo
1256 821 1425 892 contracti

272 931 395 1018 σεμνὸν
423 933 480 996 καὶ
508 926 703 1019 ἀπερίεργον
731 934 833 1000 veteri
862 930 1007 997 musicae
1036 931 1183 1000 tribuitur
1212 955 1230 998 a
1260 930 1425 998 Plutarcho

271 1038 354 1106 Mus.
378 1061 405 1104 c.
428 1035 603 1106 XXXVll:
641 1037 718 1106 lnde
740 1059 818 1104 vero
840 1059 906 1104 non
929 1033 1065 1120 dubites,
1086 1039 1161 1128 quin
1183 1037 1279 1104 simul
1305 1061 1426 1124 τορο-

269 1145 394 1233 χοῖιλις
412 1141 531 1238 aliquid
548 1145 721 1212 subnatum
738 1146 787 1226 sit,
804 1143 899 1236 quale
911 1139 1122 1212 Pherecrates
1133 1143 1223 1215 hisce
1238 1147 1408 1236 vituperat:

413 1245 573 1347 ἱΦρύυυις
597 1248 630 1318 d'
654 1249 743 1316 roua
764 1247 990 1339 στρόβιλον
1017 1247 1174 1340 ἐμβαλόν
1192 1269 1283 1318 τινα.

356 1361 484 1428 Etenim
505 1355 738 1447 στρόβιλοςυι
760 1359 803 1425 ait
825 1355 1025 1448 Phrynichus
1041 1339 1179 1425 Bnklieri
1190 1379 1220 1448 p.
1234 1358 1288 1439 63,
1304 1359 1356 1424 28.
1377 1357 1427 1421 aul

270 1467 500 1554 μεταφορικοῖς
528 1466 582 1532 fret
610 1461 696 1555 ᾠδῆς
716 1461 942 1553 κιθαρῳδικῆς
963 1461 1070 1532 πολὺν
1088 1460 1226 1552 ἐχούσης
1245 1461 1426 1553 τάραχον.

272 1575 407 1665 Proprie
437 1575 522 1641 enirn
550 1569 725 1662 στρόβιλος
744 1581 861 1639 ventus
884 1581 947 1653 est,
980 1572 1048 1639 eliis
1077 1568 1187 1661 ιυφῶς
1216 1573 1336 1654 dietus,
1366 1574 1427 1638 sive

272 1679 423 1772 procella,
446 1703 529 1772 quae
553 1681 592 1748 de
614 1690 699 1747 terra
721 1689 842 1761 coorta,
864 1677 990 1746 turbine
1006 1697 1134 1746 sursum
1152 1681 1293 1748 effertur.
1327 1677 1426 1747 Schol.

272 1787 372 1878 Sopb.
387 1781 491 1879 Antig.
506 1810 535 1856 v:
548 1789 620 1854 418.
648 1787 780 1871 πνεῦμα
801 1785 1000 1867 duellem,
1021 1779 1106 1852 ὅταν
1126 1786 1300 1877 ουνεριίδῃ
1321 1787 1363 1879 τῇ
1382 1785 1427 1876 γῇ,

272 1899 330 1961 καλ
359 1891 459 1962 πάλιν
487 1891 557 1958 ἄνευ
587 1890 675 1985 αἴρῃ.
719 1894 916 1983 Plerumque
949 1896 1035 1960 enim
1067 1896 1159 1962 venti·
1179 1915 1199 1960 c
1221 1895 1318 1962 coelo
1347 1895 1427 1985 quasi

271 2005 406 2068 immissi
425 2004 458 2068 in
481 2012 599 2068 terrem
618 2004 752 2067 irruunt,
796 1999 905 2090 ltaque
939 1996 1129 2089 στρόβιλος,
1161 1999 1203 2067 de
1234 2004 1380 2068 ventosis
1399 2003 1427 2066 in

272 2097 310 2176 re
329 2103 633 2177 musica'furon'bus
656 2117 863 2198 usurpatum,
892 2105 1073 2197 significare
1093 2108 1221 2174 videtur
1240 2108 1427 2178 medidatio·

272 2209 351 2282 nuni
374 2215 532 2283 turbinem
563 2210 730 2296 οάυὴτηυ
757 2213 796 2280 ab
827 2207 938 2304 ὑπάτῃ
965 2215 1204 2282 aseendentem.
1254 2215 1331 2300 Qua
1347 2214 1428 2284 ..licet

273 2324 425 2413 adoptata
452 2325 715 2412 interpretatione
747 2321 870 2410 optime
895 2322 992 2388 stabit
1013 2321 1176 2412 Bergleini
1205 2321 1294 2388 haud
1316 2324 1427 2410 impro-

272 2429 461 2496 babilisloci
471 2430 700 2518 interpretatio,
723 2431 777 2516 qui
794 2429 847 2512 (de
860 2427 1096 2518 Philox.'p.124)
1113 2427 1232 2495 nonssr.
1256 2425 1427 2513 στρόβιλοι

272 2537 331 2602 sed
352 2556 451 2602 voces
474 2535 562 2602 ἴδιον
584 2545 617 2602 et
638 2523 795 2621 ἐμβαλών
815 2535 976 2624 urgendae
1000 2557 1073 2603 esse
1095 2544 1200 2625 putet:
1222 2536 1273 2602 ita·
1291 2546 1328 2602 ut
1347 2555 1427 2600 seor·

272 2640 333 2710 sim
355 2651 387 2708 et
409 2665 428 2707 a
450 2640 572 2708 verbali
588 2643 787 2732 musicoque
812 2651 905 2708 textu
934 2629 1213 2732 dithyrambbrum
1229 2653 1426 2732 segregatam

272 2749 377 2818 alieno
410 2748 485 2816 loco
522 2749 728 2816 intercalasse
767 2751 923 2816 musicam
956 2739 1277 2841 (Zwischcnepicfd)
1314 2748 1428 2818 dicatur

273 2860 478 3010 Phrynnis¹
539 2876 543 2891 ’
624 2883 628 2892 ¹
735 2883 765 2900 .,
875 2883 877 2890 ·
1271 2875 1286 2888 ¹·

298 2967 468 3066 Quum
491 2990 568 3034 vero
591 2967 732 3034 insolens
761 2933 889 3057 quidam
912 2973 1043 3032 ornatus
1074 2985 1112 3029 ac
1140 2961 1427 3053 magniloquentiae

274 3092 366 3139 amor
375 3070 485 3140 fere
461 3084 529 3141 sine
546 3073 746 3141 mollitudine
764 3073 903 3164 quadam
919 3070 1334 3152 noninve'niatur,me1ito
1356 3076 1425 3159 puto

273 3175 450 3271 Phrynnidi
478 3181 619 3248 lonicum
652 3187 786 3273 'quoqne
812 3177 1082 3246 effeminationem
1112 3177 1326 3266 approbatam
1351 3195 1425 3241 esse.

273 3286 402 3378 Nempe
414 3283 659 3372 Ἱιυυοκὰμπτας
680 3287 838 3368 audiebat,
861 3283 947 3378 qnod
968 3271 1064 3351 sicut
1073 3283 1225 3350 lones—
1240 3291 1319 3348 sunt
1335 3279 1427 3347 verba

273 3393 507 3462 Hemsterhusii
539 3397 579 3462 ad
609 3393 734 3463 Polluc:
746 3390 777 3477 l,
802 3415 857 3484 p
850 3391 978 3457 385-
999 3389 1200 3457 saltationes
1194 3387 1373 3455 masculas
1396 3386 1433 3448 in‘

275 3499 474 3566 effeminatos
497 3524 594 3590 gyros
619 3501 841 3590 flexionesque
864 3500 1056 3588 frangerent,
1076 3499 1153 3563 ita
1144 3519 1214 3586 ipsc
1236 3498 1269 3561 in
1291 3494 1425 3562 severio

274 3625 344 3671 rem
369 3608 526 3673 musicam
555 3610 676 3698 crispos
698 3606 857 3697 quosdam
880 3613 912 3670 et
929 3603 1079 3672 lubricos
1104 3603 1283 3670 invexisset
1311 3600 1425 3666 modos.

274 3710 359 3779 Hinc
382 3714 478 3778 etiam
500 3709 796 3799 δυσκολοκάμπτιις
817 3709 950 3798 καμπὰς
972 3721 1064 3778 notat
1086 3708 1350 3799 Aristophanem
1344 3705 1381 3770 h.
1403 3725 1425 3766 e.

274 3813 323 3886 dt
332 3820 479 3914 ejusdem
499 3821 604 3890 verbis
627 3831 699 3888 utar
726 3819 904 3886 modulos
936 3813 1338 3906 contortupli'cntos‚
1335 3825 1426 3877 nnn

275 3917 396 4016 faqile
419 3931 554 3997 variis
561 3930 633 3994 inf
618 3913 875 3994 flexionibus*
871 3923 1201 4022 exprimendos
1198 3921 1290 3989 Cfr
1311 3915 1426 3986 Polluc

274 4015 646 4118 Lex.lv,10.¹lltnc
653 4025 780 4100 chalcal
810 4031 873 4114 εῆυ
896 4029 1030 4122 abdiel
1032 4033 1080 4095 m
1102 4030 1145 4095 τὸ·
1171 4024 1432 4115 μοιλθειιιώττρθλΓ

274 4143 468 4231 coarguitur.
524 4141 681 4238 Neque
672 4165 707 4208 1n
736 4163 770 4206 re
799 4141 923 4206 musica
952 4137 1058 4205 solum
1079 4133 1273 4204 novationes
1300 4139 1425 4202 conatus

275 4258 334 4330 est,
359 4248 418 4314 sc'd
440 4269 573 4315 nomum
596 4251 725 4338 quoque
748 4244 978 4336 dithyrambico
1001 4245 1111 4334 generi
1138 4245 1241 4334 magis
1262 4236 1426 4309 assimilem

274 4353 411 4422 reddidit
433 4356 550 4445 quippe
574 4374 670 4444 quern
692 4351 812 4422 Proelo'
828 4361 920 4420 teste
949 4345 1230 4436 nasammonas
1237 4345 1284 4414 τό
1312 4367 1346 4411 τε
1365 4335 1425 4432 ’γὰρ
