3088 5008
247 379 311 432 Vidi

246 568 354 643 aegre
380 543 541 620 desidero
570 542 743 619 Simmiam
768 539 954 622 Clementis
971 545 1076 622 Alex.
1094 569 1127 646 p.
1147 547 1223 622 569
1240 547 1284 622 Ι).
1311 543 1413 642 ἅμα·

247 659 432 766 σιρνήτων
454 660 518 736 καὶ
549 657 747 756 Τελχίνων,
774 661 862 760 ἔφη,
888 660 1005 760 divar)
1031 661 1111 764 ζοίψ
1135 665 1168 764 h.
1197 689 1227 741 e.
1255 663 1411 762 ὁμοίως·
1454 681 1457 688 ’

242 779 415 884 ’dyadema
439 789 532 856 κτλε
558 823 610 839 -
636 808 668 881 p.
688 781 826 858 61.17.
859 785 1014 884 Respicit
1038 785 1105 859 huc
1129 786 1348 888 Philodemus
1373 789 1411 860 in

247 901 588 979 volt.Horo.1.ooi
612 902 693 994 XV,
705 926 738 999 p.
758 902 818 974 67.
852 899 916 976 καὶ
946 901 1023 999 μὴν
1053 899 1141 977 οὐδὲ
1171 907 1412 1003 παραμοθειὶ

247 1023 341 1098 σθαι
366 1016 524 1096 δύναται
548 1018 707 1118 μουσικὴ
733 1016 800 1103 τὰς
825 1021 866 1094 ἐν
890 1021 999 1118 ἔρωτι
1023 1019 1263 1120 δοςπραξίοις·
1295 1019 1410 1126 λόγου

245 1139 320 1242 γὰρ
349 1135 470 1234 μόνον
499 1137 542 1214 τὸ
570 1145 752 1215 τοιοῦτον.
812 1136 1015 1236 Ποιήμοιτοι
1044 1139 1083 1215 d’
1114 1143 1146 1215 ed
1180 1148 1410 1240 προαιρεῖται

245 1255 421 1333 6666666)
446 1257 510 1334 καὶ
536 1257 738 1346 Φιλόξενον
742 1273 767 1349 ,’
788 1261 820 1332 st
845 1257 952 1333 τοῦτ’
978 1257 1162 1354 ᾐνίττετο,
1194 1261 1248 1359 μὴ
1279 1262 1410 1345 τελέως

245 1375 458 1477 ψεύδεσθαι
483 1381 529 1455 61.Ι
555 1379 775 1456 Schneidew.
803 1377 986 1478 Bettrdpe
1009 1407 1042 1480 p.
1062 1384 1150 1476 126,
1171 1385 1194 1458 6
1221 1386 1276 1480 qui
1301 1384 1409 1459 velim

242 1528 275 1601 p.
296 1501 452 1596 128,16
477 1501 645 1600 exemplis
672 1523 703 1575 e·
718 1502 830 1578 latinis
857 1499 1079 1600 scriptoribus
1106 1499 1316 1602 depromptis
1341 1505 1409 1578 ad-

239 1625 385 1717 jecisset
411 1623 529 1698 Horat.
555 1622 642 1696 Odd.
667 1623 732 1716 111,
754 1619 790 1696 4.
851 1624 918 1711 Qui
952 1632 1109 1699 terram
1136 1627 1313 1718 inertem,
1350 1628 1408 1721 qni
1537 1715 1538 1720 Ν

242 1763 355 1817 mare
381 1742 752 1840 temporatVantosum
780 1751 815 1817 et
840 1742 996 1818 imbres
1022 1744 1098 1840 [sio
1113 1741 1195 1840 lege
1215 1765 1279 1842 pro
1301 1745 1407 1819 urhas
1537 1721 1538 1792 3

243 1887 278 1937 v.
292 1862 469 1957 umbrasJ:
494 1893 539 1918 -a-
560 1887 593 1960 p.
613 1863 700 1954 115,
713 1861 774 1938 22.
803 1864 983 1960 Kayserus
997 1862 1018 1934 Ι.
1032 1863 1054 1936 Ι.
1066 1885 1101 1962 p.
1118 1863 1169 1936 69
1191 1887 1258 1962 pro
1284 1861 1410 1938 ἄλλων
1537 1905 1538 1950 ;

241 1994 348 2058 tentat
371 1987 504 2076 μελῶν.
557 1983 635 2056 Non
663 2000 768 2079 opus:
798 2023 844 2040 -
871 2005 904 2080 p.
928 1979 1018 2077 106,
1043 1983 1092 2058 38
1119 1984 1214 2060 8616.
1240 2007 1275 2060 v.
1302 1981 1409 2080 ’Άρης
1537 1983 1538 1992 '

240 2097 441 2197 τύραννοςε
468 2141 520 2159 -···
546 2099 689 2198 6128,
712 2099 770 2172 16.
810 2101 958 2188 Quartus
1000 2097 1316 2202 Cydias,'pietor,
1355 2114 1408 2178 est

243 2223 331 2320 apud
360 2221 477 2319 Steph.
493 2223 579 2319 Bpu.
596 2245 629 2317 p.
647 2219 720 2294 173
738 2221 922 2296 Westrm.:
945 2261 998 2278 -
1017 2247 1050 2320 p.
1068 2223 1231 2316 147,16.
1273 2223 1409 2298 Eadem

241 2343 375 2440 plenius
401 2341 543 2418 exhibet
566 2341 680 2438 Etym.
699 2339 786 2416 Gud.
805 2341 894 2433 322,
910 2342 978 2415 49:
999 2385 1049 2400 -
1067 2337 1100 2441 p.
1116 2345 1205 2438 224,
1219 2344 1281 2417 27.
1321 2345 1407 2419 Cum

242 2461 384 2536 Plehnie
413 2465 513 2536 sentit
538 2461 815 2555 Noeggerathius
843 2463 886 2538 de
912 2461 1081 2561 Aeschyli
1105 2465 1310 2562 supplicibus
1328 2465 1401 2560 p.1
1535 2479 1538 2548 t

244 2579 447 2675 (Arnsherg
462 2581 572 2653 1844.
586 2580 655 2676 4.).
710 2581 809 2668 Quod
836 2605 868 2678 p.
885 2581 935 2656 22
961 2577 1115 2680 promisi,
1143 2585 1188 2658 de
1214 2584 1407 2659 Philoxeno

242 2702 464 2798 grammatico
491 2721 546 2774 me
572 2701 745 2797 copiosius
771 2691 928 2796 quiddam
955 2703 1035 2778 alihi
1052 2703 1296 2801 disputaturum
1313 2727 1406 2793 esse,

171 2809 173 2815 ’
242 2822 322 2894 huic
348 2822 516 2917 promisso
544 2841 648 2918 spero
675 2818 765 2911 fore,
792 2831 828 2893 ut
848 2821 949 2898 brevi
970 2831 1063 2897 stare
1081 2823 1220 2920 possim.
1272 2825 1406 2920 Dignus

243 2944 334 3016 enim
360 2941 517 3031 videtur,
552 2944 607 3037 qui
633 2940 693 3015 vel
717 2963 802 3037 prae
828 2942 1027 3017 Herodiano
1055 2953 1303 3037 cognoscatur,
1339 2967 1407 3040 quo
1537 2961 1538 3040 t

243 3063 287 3135 66
313 3071 452 3159 praeter
477 3060 610 3134 Lehrsii
637 3063 671 3132 in
689 3061 811 3136 Museo
828 3056 997 3136 Rhenano
1014 3063 1270 3158 quaestionibus
1295 3067 1407 3138 tenuis

243 3192 371 3282 tantum
397 3182 572 3277 hucusque
597 3175 725 3276 prodiit
741 3181 833 3276 Aug.
849 3183 994 3255 Wottini
1009 3179 1305 3264 commentationis
1320 3207 1407 3282 par-

243 3300 344 3374 ticula
374 3301 448 3381 Hel.
466 3300 577 3373 1842.
593 3299 628 3372 8.
658 3299 764 3375 Corte
789 3301 886 3398 plura
921 3323 992 3375 non
1025 3303 1107 3376 vidi.
1166 3305 1215 3377 At
1248 3305 1407 3401 profecto

245 3425 274 3496 si
314 3422 556 3515 grammaticae
593 3423 790 3494 tractandae
831 3420 1026 3496 methodum
1067 3428 1297 3522 spectaturis,
1334 3445 1407 3496 non

93 3623 97 3630 .
245 3537 458 3613 arbitrariam
484 3539 574 3611 illam
600 3541 828 3614 tumulturiam
854 3563 895 3614 ae
927 3541 1194 3639 multicolorem,
1230 3531 1407 3642 etymolo-
1537 3563 1538 3650 ρ

244 3663 376 3756 giorum
402 3661 538 3755 ineptiis
565 3671 765 3753 scatentem,
793 3657 856 3738 sed
875 3671 1105 3754 constantem,
1132 3665 1235 3737 certis
1261 3663 1408 3761 quihus·
1537 3653 1538 3658 ¹

245 3776 321 3853 dam
349 3778 543 3853 adstrictam
568 3782 756 3878 principiis,
782 3781 1296 3879 amatricemque·simplicitatis,
1323 3793 1408 3880 ety-

244 3901 415 3996 mologica
437 3897 513 3972 lusu
534 3910 587 3973 sut
605 3903 757 3995 angustis
780 3898 903 3976 finibus
931 3904 1186 3999 circumscripto
1207 3901 1407 3976 Herodiano

243 4021 347 4115 longe
374 4027 525 4115 praestet
551 4019 773 4114 Philoxenus,
801 4021 889 4118 quod
916 4021 975 4095 vel
994 4024 1077 4119 ipsis
1098 4021 1274 4097 veteribus
1296 4024 1409 4132 visum

245 4162 338 4230 esse,
366 4140 395 4212 si
418 4137 454 4210 id
479 4157 570 4211 nunc
596 4149 770 4233 ageretur,
798 4143 899 4214 etiam
925 4165 972 4215 ex
992 4141 1189 4237 Phrynicho
1202 4141 1409 4218 nonnullis·
1537 4145 1538 4216 Ξ

244 4281 310 4354 que
337 4256 579 4352 Etpmologiae
607 4258 752 4332 Gudiani
778 4260 864 4334 locis
890 4264 1017 4359 possim
1046 4261 1292 4338 demonstrare.
