3088 5008
264 320 323 394 86ι

264 529 294 596 p.
308 501 415 572 CXCI
427 501 632 592 Licymnium
645 505 802 576 istumiia
824 513 1015 600 ormmaaerat
1036 504 1255 594 scriptoribus,
1276 526 1358 594 quos
1375 525 1425 570 ac-

266 612 405 680 curatius
429 631 488 676 nos
510 631 585 690 non¹
599 609 820 700 eognovimus.
865 610 927 683 Cui
948 609 1153 684 adversarius
1180 610 1286 678 obstat
1307 608 1425 678 Leonh.

265 715 458 806 Spengelius
479 716 512 782 in
527 720 606 785 Artt.
622 738 699 783 scrr.
715 739 747 806 p.
761 717 812 797 91,
834 715 1002 804 iimpotius
1026 714 1273 809 adscribendum
1295 719 1426 808 scripto·

265 823 360 901 ntae,
375 831 464 890 ratus
487 847 568 913 quos
590 820 728 893 Wolfius
748 821 768 891 l.
780 821 844 912 tp.
858 819 985 902 CLXII,
998 821 1040 888 23
1062 825 1232 905 recensuit,
1255 823 1428 914 Theageni

266 930 495 1018 Ansxagoram
508 929 727 1011 ..Metao'dorm
756 926 985 1009 Stesimbreto‚
1008 927 1085 1008 aliis
1138 930 1237 1014 Quod
1257 932 1369 1000 nescio
1386 951 1428 996 aa

267 1035 419 1105 audacius
433 1037 563 1106 :iactum
584 1036 639 1116 sit,
670 1058 746 1103 cum
765 1034 991 1125 Thaagenerm
1016 1035 1262 1126 Anaxagoram,
1292 1035 1429 1126 reliquos

266 1143 299 1208 in
322 1166 360 1209 eo
384 1141 568 1209 elaborasse
589 1142 767 1222 videamus,
789 1151 825 1208 nt
847 1140 990 1222 „fabulas
1008 1142 1271 1232 nterpretaaone
1286 1165 1347 1210 sua
1362 1165 1429 1208 oor·

268 1249 418 1339 rigerent,
441 1258 538 1339 atque
561 1250 603 1317 ad
624 1248 791 1339 physicam
812 1256 847 1314 et
859 1246 1015 1318 moralem
1030 1271 1109 1322 suae
1125 1252 1237 1322 aetam
1253 1249 1429 1316 doctrinam

269 1356 578 1438 accommodarent,”
600 1379 619 1422 e
642 1365 754 1423 contra
774 1353 997 1444 liicyrnnium¹
1012 1364 1169 1445 quatenus
1193 1379 1236 1427 ex
1256 1355 1287 1422 lt
1303 1355 1336 1421 ll.
1357 1377 1430 1422 con·

143 1467 146 1472 '
265 1463 424 1553 jecturam
446 1462 554 1532 iacere
569 1461 668 1558 licet,⁴
681 1463 716 1548 in
737 1463 814 1534 satis
833 1461 1136 1553 ίοίιιοομρτίνοτοοι
1147 1461 1350 1533 derivatione
1367 1463 1431 1528 sive

269 1567 484 1658 etymologica
514 1569 583 1640 sive
605 1569 1060 1659 grammateaacquiemse
1091 1569 1234 1650 edumei,
1264 1591 1351 1660 quae
1379 1568 1432 1636 luit

269 1675 378 1742 istius.
395 1675 514 1750 aetatis
539 1674 758 1766 etymologiae
787 1674 975 1756 tractandae
1004 1674 1100 1757 ratio,
1128 1697 1197 1754 non
1224 1677 1350 1746 mirum
1385 1677 1432 1755 sil,

270 1780 357 1871 quod
378 1781 511 1872 insignis
539 1779 677 1865 rhetoris
696 1772 917 1858 ,celebritatem
937 1783 1082 1872 adeptus-
1098 1783 1139 1851 sit
1158 1780 1349 1872 Licymnius
1377 1783 1431 1848 iste

270 1886 319 1953 lris
341 1888 420 1977 ipsis
443 1890 673 1971 conaminibus,
696 1890 854 1980 siquidem
875 1886 1036 1964 idemest
1049 1888 1184 1959 Homeri
1205 1891 1367 1980 interpres
1388 1897 1431 1954 at-

232 2001 236 2014 '
272 2017 335 2085 que
356 1991 543 2083 Licymnius
566 1995 690 2079 rhetor,
719 1997 773 2086 qui
795 1996 912 2081 τέχνην
934 1996 1157 2085 composuisse
1179 1995 1307 2064 dicitur.
1345 1993 1431 2072 ,Rhe-

269 2099 389 2180 caricae
419 2102 510 2180 istius
540 2104 616 2171 artis
644 2104 824 2193 fragmenta
851 2101 982 2191 collegit
1000 2099 1125 2178 Leonh.
1153 2100 1354 2191 spargens
1374 2100 1393 2166 l.
1413 2099 1430 2164 l¹

268 2207 448 2297 pell-elil.
505 2209 570 2295 Qui
592 2233 642 2300 ap.
667 2209 810 2292 Cramer.
834 2208 955 2279 Anccd.
978 2207 1052 2277 Par.
1064 2207 1087 2290 Ι,
1108 2229 1139 2298 p.
1151 2208 1225 2283 394
1246 2208 1289 2278 22
1316 2208 1431 2278 omum

191 2343 196 2349 ·
273 2308 702 2403 Oliprcoe..irllr§ovdprc'e‚
737 2316 847 2386 nescio
878 2339 918 2383 an
949 2315 1137 2388 scribendus
1163 2316 1218 2384 sil:
1252 2309 1432 2400 Λικύμνιος

266 2414 504 2510 Ἀλεξανδρεύς.
547 2423 659 2490 Artem
680 2421 889 2512 profitebatur
915 2421 1042 2506 medici.
1062 2459 1104 2475 —-
1126 2419 1243 2512 Neque
1272 2422 1431 2502 diversum

268 2525 432 2598 rhetorem
454 2537 588 2616 aposta
609 2536 702 2618 putat
716 2528 802 2594 idem
817 2527 874 2616 Sp
889 2551 920 2616 p.
934 2530 973 2594 91
999 2536 1031 2594 et
1054 2551 1133 2618 quos
1154 2526 1267 2606 laudat
1287 2529 1431 2596 Wester·
1501 2573 1502 2642 p

268 2655 405 2715 rnannus
433 2633 507 2703 laist.
531 2633 691 2724 eloquent.
713 2657 744 2724 p.
759 2622 833 2710 139„
855 2632 1100 2716 .‚Graeteman,.
1118 2635 1236 2708 (laced.
1256 2637 1431 2713 der‚cleaa.

267 2740 353 2810 Pttt.
375 2763 406 2830 p.
420 2741 480 2808 181
500 2764 569 2831 sqq.
614 2739 836 2808 Adversantur
856 2739 930 2812 huic
954 2741 1095 2830 opinioni
1118 2741 1251 2814 Geelius
1272 2741 1347 2810 hist.
1369 2741 1429 2808 crit.

268 2845 367 2938 Soph.
393 2850 509 2937 palae
542 2846 746 2918 Heindorfius
769 2847 811 2916 ad
832 2845 958 2930 Platon
972 2846 1110 2924 Phaedr.
1130 2844 1164 2940 'p
1177 2849 1250 2919 319.
1285 2849 1430 2926 Attamen

268 2953 424 3025 confiteor
444 2957 570 3024 nescire
592 2978 645 3024 me
667 2965 736 3023 tum
758 2955 844 3030 unde
857 2953 1031 3027 Luetckius
1045 2978 1141 3022 suam
1151 2953 1338 3026 doctrinam
1357 2955 1428 3022 hau·

269 3064 363 3144 setlle.
378 3065 433 3154 qm'
454 3060 659 3152 Licymnium
679 3071 810 3151 poetam
829 3071 906 3136 ante
919 3061 1120 3156 Simonidem
1142 3061 1241 3131 ltu'sse
1262 3060 1430 3138 contendit,

269 3193 347 3261 ergo
369 3181 444 3242 ante
467 3169 594 3260 Olymp.
618 3167 686 3250 LV,
709 3177 778 3234 tum
800 3169 887 3243 unde
909 3167 1037 3248 Bedjus
1054 3178 1257 3258 compertum
1279 3167 1428 3248 hebuerit,

268 3277 609 3367 rhetorempoeta
630 3275 751 3366 longe
768 3277 975 3367 juniorem
1000 3277 1134 3355 luisse

333 3385 395 3461 ,·V.
421 3386 473 3452 -At
490 3387 559 3475 jam
580 3382 783 3456 redeundum
811 3392 861 3450 est
881 3383 923 3450 ad
944 3366 1212 3472 Melanippidem,
1245 3386 1341 3474 cujus
1362 3379 1427 3448 ulti·

267 3513 358 3561 mum
385 3490 604 3579 fragmentum
624 3500 773 3578 superest
794 3488 902 3558 Schol.
916 3487 950 3557 ll.
974 3483 1007 3560 o'
1022 3491 1096 3556 570.
1119 3484 1140 3570 ἡ
1163 3487 1198 3554 δὲ
1220 3487 1309 3561 κατὰ
1328 3486 1428 3555 Λίνου

269 3591 400 3679 ἱστορία
433 3596 524 3681 παρὰ
551 3592 723 3685 Φιλοκὸρρ
748 3594 935 3682 (ἱστόρηται
956 3596 1093 3680 Villois.)
1123 3596 1160 3660 ἐν
1186 3595 1226 3685 τῇ
1248 3594 1306 3675 m‘l'
1324 3591 1426 3673 Bell·

268 3704 338 3786 (nal
359 3703 450 3790 nopai
474 3700 786 3792 Μελανιππίδῃ)
810 3703 945 3775 Cramer
968 3702 1095 3781 dneed„
1113 3701 1247 3784 Penlll,
1270 3727 1299 3793 p,
1314 3703 1385 3781 289,
1401 3698 1425 3762 3.

267 3806 348 3891 ridi
377 3812 451 3899 περὶ
484 3811 543 3876 τὸν
573 3807 667 3876 λίνον
696 3807 830 3897 ἱστορία
861 3807 954 3897 παρὰ
985 3806 1215 3898 Φιλοχόρνρέν
1236 3810 1277 3901 τῇ
1299 3806 1354 3879 νθ’
1377 3805 1426 3871 καί

270 3915 362 4006 παρὰ
377 3915 629 4008 Μολονννονρίδῃ.
663 3917 763 3989 Plura
781 3917 821 3987 de
838 3916 869 3984 h.
883 3916 902 3998 l.
922 3917 1008 3987 dabit
1019 3917 1287 3992 Schneidewinus
1299 3916 1425 3989 Exercc.

267 4026 346 4099 crite
370 4025 449 4117 Cap.
464 4025 531 4108 Vll,
549 4052 578 4117 p.
593 4026 634 4092 47
648 4048 714 4116 sqq.
742 4085 746 4097 ,
776 4087 778 4094 ,
1243 4066 1246 4076 ·

655 4201 998 4256 .--¹·-=-—---··
