3044 4982
797 345 896 396 xxlt

272 533 339 589 ces,
372 509 501 576 eandem
529 507 683 570 rationem
711 507 927 587 probaverint.
979 505 1062 572 Nam
1084 507 1179 570 ceteri
1203 527 1331 588 omnes,
1358 512 1420 594 qui

271 617 372 680 lexico
394 615 595 695 scripserunt,
616 623 653 673 ut
673 611 866 688 Ammonius,
896 610 1102 693 Etymologus
1121 613 1265 692 Magnas,
1293 615 1421 696 Harpo-

273 719 387 798 cratio,
413 717 562 794 Photius,
583 713 778 797 Phrynichus
797 712 842 796 ¹),
862 713 994 792 Pollux,
1015 714 1144 794 Suidaa,
1170 717 1334 797 Timaeus,
1354 720 1420 797 alii,

272 835 327 886 aut
348 821 428 886 nihil
450 822 618 903 praebent,
640 830 694 881 aut
718 837 768 880 res
790 816 980 896 tragicorum
1000 839 1020 881 a
1040 819 1182 896 comicis,
1208 823 1262 884 sel
1278 823 1420 884 omori-

273 929 330 990 hus
353 935 608 990 commemoratas
629 923 807 1000 illustrant,
834 931 905 998 aut,
936 921 964 983 si
984 942 1073 985 usum
1094 922 1264 1006 loquendi,
1293 927 1420 1008 qualem

273 1029 385 1110 tragici
407 1030 599 1103 habuerant,
628 1024 782 1106 exemplis
809 1023 970 1088 declarare
998 1028 1184 1105 voluerunt,
1216 1049 1253 1090 ea
1273 1029 1379 1110 potius
1402 1050 1420 1090 e

274 1133 376 1214 poem
396 1130 604 1196 Alexandrini
623 1129 760 1208 canonis,
781 1149 875 1210 quam
892 1150 908 1191 e
928 1129 1040 1192 fatuis
1062 1130 1259 1213 reliquorum
1279 1151 1421 1212 sumpse·

273 1249 365 1317 runt,
388 1235 507 1318 quippe
526 1235 597 1317 qui,
617 1254 682 1317 quo
704 1234 894 1296 recentiores
915 1234 1054 1312 fuerant,
1079 1233 1242 1296 eominus
1263 1233 1421 1316 quotidia-

274 1361 350 1403 num
376 1337 501 1402 dicendi
522 1358 619 1418 genus
643 1335 911 1417 contempsissent.
962 1337 1074 1420 Neque
1102 1338 1187 1398 enim
1208 1337 1419 1418 Harpocratio

273 1442 465 1508 laudavisset
487 1441 670 1520 Caucinum,
697 1461 754 1502 nec
775 1442 966 1505 mentionem
987 1442 1040 1504 rel
1060 1440 1220 1519 Stheneli,
1241 1443 1293 1504 vel
1314 1441 1420 1505 Theo-

275 1545 378 1626 gnidis
399 1546 562 1624 injecisset,
584 1544 646 1606 nisi
667 1555 808 1606 oratores
825 1546 940 1607 alicubi
962 1547 1020 1608 hos
1040 1545 1127 1626 ipsos
1148 1542 1420 1608 commemoraris-

242 1657 246 1664 '
274 1661 355 1713 sent.
398 1647 485 1726 Quae
508 1669 549 1712 ex
567 1647 743 1711 Melanthio
761 1668 786 1710 a.
799 1668 832 1710 r.
853 1647 1046 1731 ypvncissns
1067 1647 1200 1729 proiert,
1221 1653 1334 1727 potitae
1354 1658 1421 1707 trs·

275 1753 344 1832 pico
365 1764 527 1836 nequeunt
549 1752 709 1834 assignari.
751 1750 793 1815 Et
812 1749 940 1828 Suidaa,
966 1752 1111 1833 quamvis
1128 1751 1226 1814 natta
1247 1747 1289 1811 de
1307 1769 1421 1828 magno

276 1857 467 1935 tragicorum
483 1872 622 1918 ‘numero
644 1855 773 1931 hahent,
804 1875 840 1914 ea
870 1867 977 1918 tamen
1005 1877 1045 1918 ex
1071 1857 1215 1921 vetustis·
1231 1855 1422 1918 comicorum

276 1960 402 2022 scholiis
433 1958 554 2037 hausit,
586 1971 622 2020 ut
651 1977 715 2022 non
741 1959 1135 2038 memoriamtragicorum
1155 1943 1332 2035 illustrare,
1365 1955 1422 2020 sed

276 2063 471 2125 intellectum
493 2060 670 2124 comoediae
691 2061 816 2141 aperire
837 2059 982 2124 videntur
995 2058 1035 2144 ²).
1088 2062 1133 2123 Ac
1155 2060 1267 2122 similis
1286 2061 1422 2123 aliorum

276 2164 466 2244 scriptorum
487 2163 569 2226 ratio
591 2176 648 2226 est.
689 2163 844 2247 Nequeie
863 2162 975 2226 modus
994 2162 1133 2226 delectus
1153 2163 1188 2224 in
1209 2164 1421 2226 recentiorum

277 2267 368 2330 libris
389 2278 527 2332 mutatus
548 2265 718 2348 reperitur.
762 2265 825 2342 Qui
847 2266 989 2350 quidem,
1011 2266 1073 2330 nisi
1094 2266 1213 2332 nudum
1232 2270 1423 2348 regularum,

277 2391 354 2454 quas
375 2370 553 2453 superiores
571 2370 698 2453 quidam
716 2383 958 2453 proposuerant,
980 2368 1114 2435 iudicem
1132 2371 1284 2451 exemplis
1303 2391 1423 2452 nequa-

197 2468 206 2483 ”
278 2495 374 2556 quam
403 2472 620 2537 confirmatum
649 2475 827 2553 continent,
860 2496 895 2536 ea
917 2473 1011 2538 modo
1036 2472 1232 2536 locutionum
1252 2473 1422 2554 specimina

278 2579 397 2641 normis
418 2591 592 2661 apponunt,
613 2599 694 2663 quae
716 2579 771 2644 alii
790 2576 914 2660 pridem
935 2576 1046 2642 iisdem
1067 2578 1144 2640 lonis
1165 2577 1199 2637 iu
1220 2593 1310 2638 usum
1331 2595 1423 2638 voco·

278 2693 399 2746 verant.
442 2685 512 2746 Hoc
532 2684 606 2748 satis
627 2684 792 2764 intelliges,
814 2701 884 2746 cum
906 2703 952 2759 ea,
973 2681 1088 2764 quihus
1105 2683 1278 2764 Hesychius
1300 2703 1336 2743 ac
1351 2681 1423 2744 Sui-

279 2785 335 2848 das
357 2779 422 2872 τήν
441 2783 664 2871 Ἀγαθώνιον
686 2783 832 2871 αὔλησιν
854 2785 1109 2865 explicaverunt,
1135 2785 1220 2847 inter:
1247 2806 1313 2848 sese
1341 2807 1425 2846 com-

279 2891 453 2972 paraveris.
494 2891 570 2953 Pari
591 2889 686 2952 modo
705 2890 837 2954 Photius
861 2910 893 2969 p.
915 2891 957 2950 10
984 2885 1168 2970 descripsit,
1199 2908 1279 2972 quae
1301 2889 1426 2970 Harpo-

281 2993 378 3057 cratio
407 3015 432 3056 s.
454 3013 486 3055 v.
515 2993 639 3068 θίασος
661 2995 765 3058 habet.
812 2993 892 3054 Item
912 2991 1017 3052 locum
1039 2992 1131 3069 hujus
1151 3014 1177 3055 s.
1198 3015 1231 3057 r.
1255 2993 1426 3065 Σθένελος

280 3097 411 3160 Pholius
440 3118 474 3178 p.
497 3097 561 3160 510
593 3108 754 3162 mutuatus
785 3107 842 3158 est.
898 3092 994 3173 Apud
1026 3095 1307 3172 Harpocrationem
1339 3111 1365 3154 s.
1393 3115 1425 3155 v.

282 3201 424 3288 Θέογνις
446 3212 477 3266 et
498 3200 625 3264 Suidam
648 3220 674 3262 s.
693 3220 724 3261 u.
754 3194 860 3258 eadem
882 3195 1015 3270 legimus
1029 3191 1068 3270 5).
1118 3191 1181 3267 Qui
1202 3211 1297 3271 vero,
1330 3215 1424 3276 qunm

279 3359 565 3376 Μ

352 3468 383 3539 1)
403 3468 428 3524 N
434 3487 452 3520 u
460 3465 603 3520 nnesius
622 3484 685 3521 cum
704 3463 737 3516 de
756 3460 903 3534 Phrynichi
925 3461 1045 3518 fontibus
1061 3474 1123 3536 agat
1140 3463 1256 3521 Praefat.
1273 3461 1305 3516 ad
1324 3460 1424 3533 Phryn.

282 3581 310 3632 p.
324 3557 360 3611 lll
378 3557 419 3611 ed.
437 3553 566 3609 Lobeclc.:
591 3553 711 3624 „Probat
728 3553 792 3606 item
811 3563 864 3606 tres
883 3551 951 3605 viros
969 3549 1028 3607 illos
1046 3539 1165 3626 tragicos
1181 3550 1353 3622 Aeschylum,
1371 3549 1425 3604 So-

282 3647 406 3722 phoclem
425 3656 451 3701 et
468 3641 650 3716 Euripidem”.
691 3635 693 3640 ¹

354 3739 385 3806 2)
403 3737 445 3791 De
464 3733 564 3788 Suidae
584 3753 650 3800 usu,
677 3731 891 3804 quotiescunque
909 3729 1007 3784 librum
1026 3731 1082 3800 ejus
1100 3739 1222 3782 accurate
1241 3728 1370 3800 legimus,
1396 3727 1424 3780 iu

284 3836 403 3880 mentem
421 3824 492 3880 venit
510 3822 640 3894 iudicium
659 3819 860 3876 Ruhnhenii
880 3821 962 3893 Epist.
980 3820 1013 3874 ad
1031 3819 1116 3891 lleyn.
1131 3818 1187 3874 llll.
1207 3839 1234 3890 p.
1245 3821 1310 3873 686:
1330 3817 1425 3886 „Nuu-

285 3933 367 3986 quam
387 3913 432 3968 ille
451 3910 575 3983 (suidas)
594 3910 730 3978 decernit,
747 3927 899 3982 ,nunqnam
923 3928 1000 3964 suum
1024 3907 1171 3980 interponit
1193 3906 1338 3976 judicium,
1367 3905 1427 3958 satis

283 4003 378 4070 hahet,
396 4000 524 4056 articulos
542 4001 673 4068 diversos,
691 3999 758 4054 sicut
778 4018 823 4053 eos
841 3998 912 4071 apud
932 3996 1120 4070 grammaticos
1137 3995 1288 4059 invenerat,
1317 3992 1345 4045 in
1363 3990 1427 4046 lexi-

284 4111 336 4146 con
354 4111 433 4146 suum
452 4087 594 4144 retulisse¹¹.

355 4179 386 4247 3)
403 4176 550 4233 Utilissimn
568 4176 760 4248 uberrimaque
781 4174 899 4247 quaestio
917 4184 992 4241 esset,
1016 4174 1037 4226 si
1057 4172 1116 4245 quis
1134 4169 1273 4234 indicaret,
1297 4177 1426 4238 quantum

285 4267 462 4341 grammatici,
480 4266 590 4339 propria
605 4267 769 4338 scriptorum
785 4264 900 4318 lectione
914 4261 1044 4336 neglecta,
1064 4259 1160 4315 analio
1175 4257 1242 4310 alius
1254 4257 1427 4328 deprompse-

285 4357 347 4411 rint.
366 4385 400 4398 -
429 4356 472 4410 De
490 4354 588 4424 Suida,
618 4355 666 4428 qui
684 4354 832 4406 'simaeum
851 4363 957 4407 secutus
982 4362 1036 4417 est,
1062 4344 1241 4403 Ruhnken.
1259 4345 1375 4400 Pmelat.
1398 4363 1426 4398 ex

286 4445 360 4501 alter.
379 4443 441 4500 edit.
459 4442 533 4498 lexic.
550 4444 621 4498 Tim.
641 4462 683 4515 ap.
702 4440 834 4496 Friedem.
855 4459 882 4512 p.
894 4443 939 4496 ts,
