3076 4998
672 295 748 366 223

130 476 233 557 tibus,
265 487 320 539 aot
348 475 434 542 vitiis
463 476 650 562 quibusdam
676 475 858 550 continetur
871 474 909 562 ¹).
956 474 1117 543 Nonnulla
1138 476 1274 564 denique

130 581 307 658 fragmenta
327 579 511 664 idylliorum
530 583 647 645 habent
668 595 830 663 naturam3
858 601 931 644 nam
959 601 1016 644 nos
1043 583 1191 648 mollier
1218 607 1275 648 na·

129 684 229 747 turali
251 686 372 764 oolore,
393 687 520 748 amabili
540 685 710 768 figurarum
731 687 882 752 uarietate
903 697 935 748 et
954 684 1138 768 splendore,
1157 707 1275 754 sermo-

130 789 243 872 nisque
265 787 394 850 flumine
415 788 581 858 delectant.
777 792 781 798 '
1123 775 1127 784 ⁵

218 889 391 954 Chaeremo
414 911 487 953 cum
505 891 636 973 egregiis
653 889 823 956 virtutibus
837 887 969 970 podtlcis
984 888 1144 954 audaciam
1159 890 1275 958 dietin-

130 993 179 1055 nis
202 993 334 1057 haberet
359 994 556 1075 adjunctam,
585 1017 760 1071 sermonem
787 993 976 1071 tragicorum
1003 995 1128 1058 ornavit
1150 998 1274 1078 placido

130 1097 248 1175 nitore,
270 1111 442 1180 propterea
464 1098 550 1183 quod
571 1099 605 1160 in
627 1100 685 1160 hac
707 1109 837 1160 externa
857 1093 1061 1160 artificiorum
1082 1112 1182 1179 parte,
1206 1115 1274 1164 tan·

131 1221 229 1282 quarn
255 1202 522 1282 praestantissIma
551 1202 612 1264 sihi
638 1201 805 1283 praecipue
827 1197 1013 1263 vertendum
1034 1219 1100 1262 ease
1125 1205 1275 1284 opinaba-

131 1317 201 1382 tur,
221 1305 373 1388 quodque
395 1307 489 1370 modo
511 1307 568 1386 iis,
595 1327 675 1392 quae
698 1304 737 1368 ad
758 1302 925 1366 locutionis
946 1302 1145 1382 pertinebant
1167 1329 1273 1389 genus,

130 1407 272 1471 favorem
299 1409 435 1472 nancisci
463 1421 598 1492 poterat.
646 1409 839 1489 Magnopere
859 1423 937 1468 vero
958 1402 1149 1468 admiramur
1170 1415 1274 1476 molli.

130 1508 208 1571 tiem
229 1511 373 1573 luxuriae
395 1512 578 1592 finitimam,
602 1535 700 1596 quae,
720 1512 775 1573 ubi
797 1509 1023 1589 descriptiones
1043 1532 1149 1575 rerum
1170 1533 1274 1578 mora·

129 1613 214 1674 libus
250 1615 413 1676 cententiie
448 1616 668 1697 excipiuntur,
704 1633 769 1676 non
803 1623 1009 1673 consentanea
1043 1614 1104 1677 sibi
1138 1617 1272 1686 videtur.

129 1714 400 1778 Translationibue
422 1719 592 1780 verborum
617 1737 680 1779 non
704 1714 842 1791 usitatis,
863 1733 966 1795 neque
987 1715 1027 1777 iis
1048 1718 1165 1799 utitur,
1192 1741 1273 1804 quae

129 1817 225 1878 rebus
246 1819 322 1881 satis
343 1817 541 1883 conueniant.
590 1818 661 1898 Quo
681 1819 873 1900 vituperium
894 1817 1010 1878 Eubuli
1035 1821 1136 1898 valet,
1165 1843 1274 1904 repre·

129 1918 314 2000 hendentes,
336 1922 422 2005 quod
442 1945 556 2006 aquam
576 1925 672 2008 σῶμα
694 1922 857 2005 ποταμοῦ
880 1919 1007 1998 dixerit,
1029 1922 1143 1984 Athen.
1159 1925 1198 2002 ll,
1217 1931 1272 2016 13.

129 2023 275 2087 Eustath.
296 2024 334 2086 nd
356 2027 449 2090 Hom.
474 2049 506 2108 p.
528 2027 624 2089 1545.
666 2025 700 2086 lu
729 2044 794 2106 quo
823 2023 1065 2086 Caeaubonus
1094 2023 1134 2086 ad
1156 2027 1270 2091 Athen.

128 2127 152 2187 l.
172 2127 195 2190 l.
216 2126 436 2210 repetitionem
458 2130 575 2194 comico
598 2128 791 2214 displicuisse
812 2129 894 2192 falso
914 2123 1079 2208 existimat,
1101 2151 1169 2192 cum
1190 2153 1272 2217 aqua

128 2230 226 2294 modo
247 2235 385 2316 proprie,
407 2234 501 2298 modo
523 2238 618 2321 σῶμα
640 2237 801 2322 ποταμοῦ
823 2221 1012 2317 appelletur.
1054 2235 1166 2318 Neque
1188 2239 1271 2300 enim

127 2335 164 2394 in
183 2335 300 2397 Eubuli
319 2336 491 2418 versiculis,
512 2359 615 2423 neque
636 2337 719 2421 apud
738 2339 933 2400 Athenaeum
955 2335 1127 2422 quidquam
1149 2361 1271 2404 caussae

127 2438 299 2521 reperitur,
320 2461 376 2504 cur
394 2443 562 2523 probemus
582 2444 677 2504 talem
696 2442 892 2505 sententiam.
936 2439 1131 2520 Spanltem.
1147 2441 1187 2504 ad
1200 2444 1272 2504 Ari·

129 2545 236 2624 aluph.
257 2543 334 2606 Rnn.
352 2547 447 2608 1189.
491 2543 552 2607 Sed
574 2546 643 2628 ipsa
664 2545 853 2626 comparatio
875 2555 922 2605 est
944 2541 1022 2605 dura
1044 2525 1139 2629 atque
1161 2545 1272 2608 inanis.

128 2645 319 2710 Locutiones
341 2647 535 2727 hujusmodi,
565 2670 584 2709 a
609 2650 749 2729 corporis
771 2661 883 2710 natura
905 2645 1030 2726 ductae,
1064 2647 1271 2730 dithyrambis

130 2767 169 2810 eo
199 2762 343 2832 tempore
372 2753 516 2831 vulgatae
545 2763 646 2817 erant.
697 2753 873 2815 Afferamus
900 2751 982 2812 enim
1004 2751 1100 2812 verba
1122 2749 1272 2829 Choerili,

130 2873 214 2936 quae
236 2855 367 2917 Taetzes
390 2855 566 2918 Comment.
596 2854 635 2917 ad
657 2857 806 2935 Hermog.
828 2875 880 2935 ap.
898 2854 1102 2915 Ruhnken.
1121 2851 1162 2914 ad
1186 2852 1272 2916 Ion-

128 2954 195 3034 gin.
215 2957 267 3036 lll,
289 2963 320 3020 2.
344 2981 377 3040 p.
394 2962 458 3021 236
480 2957 636 3020 servavit:
1222 3040 1225 3046 1

172 3053 284 3145 ὥσπερ
298 3074 391 3128 ποιεῖ
406 3061 603 3145 Χοιρῐλλος·
626 3059 737 3128 uoluit
757 3051 836 3133 sodo
858 3055 980 3129 λίθους
997 3053 1058 3140 γῆς
1076 3049 1172 3131 dead,
1190 3051 1271 3128 τούς

172 3161 357 3246 ποταμοὺς
376 3165 437 3247 γῆς
459 3162 597 3247 φλέβας.

127 3256 180 3321 Cf.
197 3263 333 3328 Muret.
353 3265 433 3326 Ver.
445 3264 530 3326 Lect.
541 3265 583 3342 X,
594 3266 626 3325 2.
667 3262 863 3324 Ruhnken.
879 3257 919 3322 ad
934 3259 1051 3322 Muret.
1064 3259 1085 3318 l.
1097 3256 1121 3317 l.
1155 3254 1270 3319 Naek.

129 3359 269 3426 Choeril.
290 3389 322 3448 p.
346 3369 419 3429 189.
462 3363 560 3428 Addit
588 3377 692 3427 sutem
709 3359 916 3439 -Euatnthiua',
949 3379 1019 3421 eum
1046 3378 1114 3420 eam
1138 3358 1271 3420 locutio·
1344 3441 1349 3445 ·

127 3483 219 3545 nem,
248 3469 337 3550 quasi
359 3465 596 3531 audacissimum
618 3466 736 3547 figurae
759 3487 856 3548 genus
877 3464 915 3528 ad
938 3465 975 3524 ll.
994 3483 1028 3544 p.
1049 3463 1121 3524 309.
1137 3478 1271 3523 comme·

127 3583 250 3634 morets
274 3573 328 3641 uni
350 3573 456 3642 τοῦτο
476 3576 544 3656 μὲν
566 3573 846 3657 διθυραμβώδες,
865 3567 1165 3651 dithyrambicorum
1182 3584 1271 3628 more

127 3670 163 3733 id
186 3671 304 3736 dictum
326 3673 445 3754 videri,
477 3675 544 3737 sire
570 3673 705 3736 arctiore
732 3694 768 3734 ac
789 3673 920 3755 propria
940 3670 1026 3735 vocis
1045 3667 1270 3748 significatione

128 3773 205 3838 usus
223 3789 280 3855 est,
302 3776 369 3840 slve
391 3777 472 3839 nihil
492 3774 578 3839 aliud
601 3796 729 3839 monere
750 3776 861 3855 votuit,
881 3794 977 3858 quam
995 3771 1159 3834 sublimem
1176 3780 1270 3849 atque

126 3895 411 3910 Μ

201 3952 231 4022 1)
249 3952 371 4008 Fortasse
390 3949 453 4004 mihi
471 3951 546 4008 locus
565 3952 614 4008 erit
632 3949 779 4024 aliqnando
799 3949 959 4022 exponendi,
977 3943 1115 4022 quomodo
1134 3939 1269 4014 lrtflottlia

127 4038 313 4112 Graecorum,
343 4058 425 4112 quam
447 4058 476 4092 ea
491 4040 572 4112 epica
591 4051 617 4095 et
636 4039 731 4094 melica
750 4038 823 4110 palisi
842 4035 978 4110 paullatim
996 4029 1155 4087 succrevisse
1173 4045 1271 4098 quam-

129 4149 182 4202 que
201 4130 340 4204 ntriusque
360 4125 462 4183 semina
481 4127 587 4198 generis
603 4127 632 4180 iu
650 4147 677 4181 se
700 4125 799 4182 habere
819 4125 980 4191 existimant,
1004 4119 1041 4172 ita
1061 4113 1270 4188 degeneraverit,

128 4227 173 4284 nt,
201 4233 264 4271 cum
288 4216 466 4289 proprietates
487 4216 620 4269 variarum
638 4215 736 4269 artium
755 4213 887 4285 reciperet
904 4221 950 4264 aut
967 4206 1044 4278 epico
1062 4201 1175 4258 carmini
1194 4199 1271 4254 steret

126 4304 249 4371 similior,
267 4315 313 4360 aut
332 4303 498 4372 comoediae,
514 4314 560 4360 aut
575 4303 635 4358 aliis
653 4302 740 4374 po'dsis
757 4301 909 4372 generibus,
926 4297 1087 4368 quibuscum
1105 4310 1136 4346 ea
1156 4289 1194 4346 vel
1213 4289 1270 4344 ori·

124 4393 199 4466 gine,
218 4391 259 4448 rel
275 4403 377 4450 natura.
390 4391 492 4448 nudam
509 4391 590 4466 plane
605 4390 722 4446 babebat
738 4385 965 4458 conjunctionem.
