3076 4998
797 299 871 374 170

268 491 371 572 Atque
395 501 469 553 sunt
494 489 528 552 in
557 488 739 569 fragmentis
768 485 922 566 plurima,
954 505 1035 567 quae
1063 483 1246 550 memoriam
1275 487 1409 568 Gorgiae

267 592 440 654 necessario
459 593 549 655 nobis
571 601 778 666 commovent,
799 609 868 650 oum
891 589 1045 650 contraria
1057 587 1233 654 'contrariis
1253 595 1410 674 opposita,

268 707 322 756 aut
342 695 431 776 paria
451 683 586 776 paribus'
599 695 700 756 relata
721 691 918 754 assimiliter
938 694 1097 770 conclusa,
1118 707 1173 756 aut
1191 695 1284 758 ludis*
1296 698 1411 758 verbo·

267 819 337 858 rum
364 796 509 860 distincta
538 799 610 859 sint.
653 797 694 858 Et
722 794 957 876 oppositionum
987 794 1113 876 quidem
1143 799 1288 878 exempla
1314 799 1410 860 Atho·

268 921 362 964 naeus
389 902 432 963 V.
459 921 492 981 p.
511 904 573 962 211
605 895 682 963 ibid.
708 919 741 980 p.
763 899 825 960 185
850 908 883 957 et
911 897 1044 960 Aristot.
1071 899 1143 960 Eth.
1167 900 1293 964 Ninum.
1312 903 1410 978 vlt

267 1005 391 1068 liabent.
434 1003 614 1086 Aliquando
636 1015 779 1084 rogatus,
809 1013 845 1064 ut
873 1002 934 1061 hoc
961 1000 1113 1064 luminum
1124 1023 1145 1080 ,³
1162 1021 1217 1064 seu
1239 1003 1408 1081 figurarum

269 1105 362 1168 decute
384 1127 424 1168 ex
445 1107 534 1188 putisi
554 1108 691 1185 tollerat,
710 1102 909 1186 respondisse
927 1104 1038 1183 lentur,
1058 1125 1099 1167 ne
1119 1105 1190 1187 quis
1211 1106 1409 1168 obliviscere·

268 1220 336 1286 tur,
358 1209 443 1285 fora,
465 1221 518 1286 ut,
545 1229 613 1272 cum
636 1211 696 1270 hoc
718 1208 855 1288 experiri
879 1208 990 1286 vellet,
1011 1227 1044 1270 se
1065 1208 1167 1289 ipsum
1190 1203 1316 1271 omnino
1338 1229 1410 1290 per·

268 1310 373 1389 deret,
395 1310 515 1374 Aelian.
538 1313 614 1375 Ver.
638 1312 719 1374 Hist.
733 1307 831 1388 ¹XIV,
854 1314 906 1374 13.

353 1414 461 1496 ltaque
485 1416 545 1476 hoc
570 1414 754 1492 artificium,
785 1426 821 1475 ut
842 1413 924 1477 infra
946 1411 1241 1490 demonstrabimus,
1272 1407 1336 1475 non
1359 1433 1409 1474 eo·

267 1520 332 1578 lum
354 1517 443 1577 Plato
465 1517 506 1578 V.
529 1539 561 1597 p.
586 1520 663 1596 187,
698 1515 752 1579 aad
776 1516 869 1578 etiam
891 1515 1133 1596 Aristophanes,
1168 1517 1206 1578 cl.
1234 1517 1408 1577 Bekker.

267 1620 328 1680 An.
350 1616 404 1677 Gr.
426 1617 462 1677 T.
478 1620 502 1679 l.
524 1640 556 1699 p.
573 1624 648 1698 stu,
666 1625 717 1696 14,
738 1619 771 1679 in
794 1637 831 1679 eo
854 1617 975 1680 derisit.
1016 1617 1129 1700 Neque
1151 1619 1186 1679 iu
1206 1617 1315 1680 ssadem
1337 1639 1410 1679 ver·

267 1721 372 1782 siculis
396 1720 565 1801 specimina
586 1723 718 1785 aliarum'
740 1723 855 1784 artium
881 1718 1003 1783 desunt.
1046 1719 1127 1784 Nam
1150 1717 1293 1807 πάρισον
1315 1723 1410 1782 habet

265 1824 352 1884 locus

437 1924 477 1993 ad
498 1930 571 2012 μὲν·
586 1927 756 2012 πάρεργον
775 1931 874 2012 ἔργον
895 1924 941 2002 ὣς
963 1922 1178 2011 ποιούμεθα,

435 2025 474 2094 τὸ
498 2023 530 2094 δ’
542 2035 640 2114 ἔργον
660 2028 705 2106 ὥς
727 2030 896 2114 πάρεργον
918 2024 1179 2111 ἐκπονούμεθα,

266 2143 399 2211 propter
427 2133 579 2195 vocabula
607 2130 803 2218 ποιούμεθα
833 2167 877 2180 -
897 2167 939 2180 -
962 2167 1005 2180 -
1026 2125 1291 2215 ἐκπονούμεθα,
1320 2131 1411 2192 item·

265 2251 326 2313 que
349 2237 430 2296 alter
972 2241 975 2249 '
1235 2231 1243 2242 “

438 2339 468 2403 εἰ
489 2340 556 2420 μὲν
577 2335 689 2422 potinus
709 2333 877 2421 τάληθὲς,
896 2337 970 2426 oripi
990 2333 1018 2404 α’
1031 2333 1208 2422 adoptasti,

436 2441 466 2503 εἰ
488 2432 688 2521 ιλέύριρανύ
710 2441 744 2506 εἰ
765 2434 805 2518 α’,
829 2434 903 2529 oripi
927 2436 1077 2524 ι’ύληθὲε
1098 2431 1229 2524 φρύοα,

266 2537 444 2620 qutanqus'ru
472 2556 565 2599 voces
592 2531 744 2624 εύφρανῶ
772 2553 803 2604 et
831 2533 945 2626 φράσω
973 2561 1036 2604 una
1058 2553 1180 2602 tantum
1204 2539 1299 2604 litera
1319 2539 1409 2600 diffe-

265 2718 384 2792 δρύοχος,
403 2721 504 2792 optime
522 2723 688 2796 grammatici
707 2724 926 2797 interpretantur.
951 2725 1064 2800 Hesycb.
1079 2742 1099 2780 s.
1107 2747 1139 2794 π,
1156 2723 1271 2778 Eustath.
1285 2724 1318 2778 ad
1328 2723 1410 2778 llom.

264 2829 291 2880 p.
311 2813 395 2876 1818,
423 2808 519 2864 Suidas
536 2831 556 2864 s.
575 2831 597 2866 r.
614 2809 721 2884 δρύοχοι
743 2813 874 2868 πάτταλον
894 2817 917 2867 οἱ
937 2819 1095 2878 ἐπιθέμενοι
1112 2797 1410 2890 ναυπηγουμένηιςινεύς,

264 2905 478 2968 καταχρηστικῶς
498 2903 527 2953 dl
544 2896 578 2978 sci
596 2909 730 2971 παροιμία.
771 2903 835 2972 Qua
853 2923 916 2958 voce
934 2901 1044 2958 sortasse
1057 2903 1161 2976 Agatho
1181 2901 1284 2956 exordia
1303 2901 1410 2954 sabula-

263 3007 325 3040 rum
348 2973 542 3059 gloriabundus
567 2990 714 3044 nominarit
738 2992 859 3066 exemplo
881 2991 991 3046 Pindari
1018 2989 1064 3046 Ol.
1081 2992 1126 3059 Vl,
1146 2993 1173 3045 1.
1191 3021 1221 3030 -
1251 2986 1363 3052 κάμπτει
1380 2993 1410 3042 di

263 3079 321 3134 slut-
338 3094 361 3127 ιι.
373 3097 395 3127 τ.
407 3077 431 3128 λ.
467 3077 567 3149 Figura
585 3078 618 3130 ab
636 3077 668 3131 iis
687 3079 766 3133 ducta
783 3089 835 3146 est,
855 3081 901 3152 qui
919 3093 989 3134 rotas
1007 3079 1182 3134 fabricantur.
1216 3077 1309 3150 ltaque
1329 3092 1411 3130 novas

262 3158 441 3235 sophistarum
458 3175 527 3220 artes
544 3165 683 3237 significat,
706 3169 754 3240 qui
770 3168 918 3223 rotundum
935 3157 1081 3223 verborum
1099 3179 1222 3223 tenorem
1239 3167 1327 3221 iacere
1345 3183 1411 3220 coe-

261 3264 373 3323 perant,
391 3250 511 3317 κάμπτει.
554 3254 754 3318 Unimanum·
770 3276 803 3312 eo
820 3259 899 3312 sensu
917 3259 1101 3330 appellantur,
1122 3275 1208 3330 quam
1225 3257 1411 3312 Ernestius

262 3337 336 3394 Clas.
348 3339 405 3394 Cic.
417 3340 475 3397 lud.
486 3340 535 3394 Gr.
542 3340 599 3399 bat.
608 3363 627 3401 s.
637 3363 659 3396 v.
676 3346 794 3414 πιρλοδοὶ
810 3347 971 3418 exponit-7
990 3343 1097 3418 niptduc.
1134 3346 1202 3400 Vide
1216 3344 1356 3401 Scholiast.
1375 3345 1410 3398 ad

261 3425 323 3492 b.l.,
342 3429 376 3480 ad
395 3429 511 3483 Acheru.
529 3434 573 3486 tt.
608 3431 721 3504 Hesycb.
736 3453 787 3486 ar.
800 3463 832 3474 -
851 3436 1028 3508 vlucpquales
1046 3436 1164 3519 quidem·
1172 3433 1304 3506 sophistae
1322 3451 1411 3504 nuper

261 3516 429 3570 inuenerunt.
445 3547 481 3556 —
506 3515 626 3589 τορνεύει.
663 3519 756 3592 ltaque
775 3522 821 3575 ubi
840 3535 936 3576 cuncta
955 3524 1145 3578 sententiarum
1166 3522 1287 3577 membra
1310 3521 1338 3572 in
1362 3540 1410 3572 ro-

166 3652 172 3664 .
261 3603 372 3657 tundam
390 3603 505 3658 sormam
524 3607 630 3661 redacta
647 3620 718 3675 sunt,
736 3620 794 3662 turn
813 3612 887 3682 quasi
905 3623 1048 3665 tornantur
1061 3610 1221 3676 sententiae,
1242 3619 1271 3662 ut
1283 3607 1349 3661 nihil
1364 3629 1410 3661 ro-

261 3690 371 3746 tundius
388 3691 458 3746 effici
478 3695 567 3765 possit.
604 3695 864 3752 transiturarum.
882 3702 944 3754 441.
958 3724 993 3740 --
1012 3699 1170 3761 κολλομελεῖ.
1193 3697 1262 3751 Vide
1274 3695 1410 3750 schol.-

260 3793 430 3848 μναμοτυπετ.
468 3781 563 3837 Oratio
582 3784 759 3855 sophistarum
778 3787 932 3842 abundabat
948 3787 1100 3853 sententiis,
1124 3805 1194 3858 quae
1212 3803 1309 3857 parurn
1327 3783 1412 3838 habe*

261 3880 322 3924 rent
339 3871 461 3925 veritatis.
495 3872 556 3926 Jarn
578 3871 728 3939 homiues..
744 3875 791 3946 qui
816 3875 881 3930 tales
901 3873 1053 3941 cumulabat,
1075 3871 1246 3952 μναμοτύποι
1267 3884 1410 3939 vocantur,

261 3971 307 4014 aul
329 3968 521 4027 μιαμοτιιπιιιολ
538 3960 673 4033 Aristoph.
692 3961 759 4016 Ran.
778 3967 839 4018 878.
861 3963 951 4036 Equit.
971 3965 1053 4018 1379.
1072 3991 1105 4002 -
1134 3974 1280 4038 κηροχυτεῖ.
1316 3961 1411 4033 ltaque

262 4048 377 4104 dictione
396 4049 479 4102 utitur
497 4047 564 4102 adeo
583 4047 672 4115 molli,
692 4060 722 4102 ut
741 4049 820 4102 rerba
839 4068 914 4104 cerae
933 4049 1016 4104 instar
1033 4049 1151 4122 primurn
1169 4046 1334 4124 liquescere,
1352 4061 1410 4102 tum

260 4155 434 4191 concrescere
452 4135 599 4190 rideantur.
616 4163 652 4175 -
676 4132 821 4203 γογγύλλει.
858 4133 947 4190 Schol.
966 4137 999 4191 ad
1018 4135 1044 4190 h.
1061 4135 1093 4206 1.,
1113 4131 1210 4192 Suidas
1226 4157 1246 4190 s.
1264 4158 1301 4204 π,
1319 4137 1411 4190 Zona-

260 4243 303 4276 ras
321 4243 348 4294 p.
365 4225 419 4278 44⁹
444 4228 630 4295 μεταστρέφειν
653 4223 873 4294 interpretantur.
891 4253 927 4265 -
953 4225 1078 4290 χοανεύει.
1115 4225 1268 4299 Explicanl:
1293 4238 1411 4290 καταχεῖ,

260 4312 298 4368 εὶς
313 4315 397 4375 xvim
414 4313 544 4378 ἐμβάλλει.
589 4311 692 4366 Excitat
714 4311 806 4366 locum
830 4311 908 4368 aliter
932 4313 1063 4386 scriptum
1085 4313 1264 4386 Reisipius
1288 4311 1428 4383 Conject.·

261 4418 287 4468 p.
308 4401 351 4452 28.
387 4397 441 4466 [Ci.
458 4398 635 4454 scheller.
654 4399 687 4454 de
705 4400 761 4454 mil.
780 4419 837 4455 nav.
854 4401 874 4468 1,
892 4401 938 4456 Vl.
970 4401 1002 4468 gl.
1020 4401 1063 4469 la]
