3088 5008
262 353 312 429 34

348 535 472 604 Caseus
494 530 623 600 intravit
645 549 772 597 summo
794 525 943 594 laudatus
965 528 1027 593 et
1018 549 1083 596 rma

348 637 544 721 Molliculus,
565 657 679 756 neque.
694 657 755 725 ego
778 635 868 725 potui
889 655 955 705 non
976 633 1083 702 dicere
1105 633 1247 704 mollem.

432 744 611 834 Postquam
632 742 735 833 prima
756 742 846 830 quies
869 725 972 830 epulis
993 763 1194 832 mensaeque
1215 751 1361 808 remotae

347 849 437 916 Dant
456 849 567 916 famuli
587 847 734 914 manibus
757 844 904 936 lymphas
926 845 1095 939 violaeque
1116 847 1249 939 capillo,

285 959 328 1020 60
349 956 533 1047 Purpureas
556 966 588 1022 et
610 953 803 1022 aromatibus
825 951 922 1018 simul
941 954 1141 1036 irinomixtis,

348 1061 540 1144 Ambrosiis,
562 1069 692 1152 portant
713 1059 814 1127 tonsis
837 1056 979 1124 mantilia
992 1059 1084 1126 villis.

431 1165 580 1258 Lympha
603 1168 676 1234 data
697 1177 747 1234 est
766 1163 932 1247 manibus3
954 1186 1036 1253 puer
1056 1166 1140 1232 hanc
1160 1174 1264 1232 aetate
1283 1161 1424 1230 tenellus

349 1271 401 1346 Ex
423 1283 589 1362 argentata
611 1284 763 1365 properat
784 1273 969 1364 dispergere
992 1283 1099 1364 gutto;
1165 1317 1170 1332 .

348 1379 506 1468 Sertaque
529 1379 635 1446 divino
659 1389 789 1446 tenerae
812 1380 853 1446 de
875 1379 1007 1471 palmite
1028 1389 1152 1516 myrtus

283 1485 326 1549 65
348 1481 552 1551 Lemniscata
574 1487 657 1575 gerit
697 1521 1079 1536 -----

345 1627 388 1640 -·
430 1627 473 1638 --
514 1627 558 1642 —-
599 1627 642 1640 -··
686 1591 818 1658 Coenus
839 1601 931 1682 pater
952 1591 1004 1658 hic
1025 1586 1199 1680 compellat
1220 1591 1356 1656 amieos:
1438 1608 1459 1624 ·

347 1695 468 1778 „Nunc
492 1718 553 1786 age
575 1697 701 1764 roscida
722 1719 809 1764 nunc
831 1698 1014 1789 spumantia
1035 1695 1167 1788 pocula,
1188 1695 1301 1778 aedes,

348 1801 474 1886 „Sume
497 1801 660 1892 Thyouei3
683 1802 834 1870 Bromius
856 1803 1044 1872 mortalibus
1068 1801 1172 1870 ahnae

345 1907 527 1990 „Laetitiae
550 1918 613 1992 cst,
635 1909 712 1976 mihi
734 1910 847 1994 crede,
870 1911 995 1980 dator.''
1018 1947 1061 1958 -·-
1103 1945 1146 1958 --·
1188 1945 1231 1956 -

282 2017 324 2080 70
344 2051 811 2068 ——————
859 2016 1002 2084 Paruere
1024 2015 1169 2084 bibentes

346 2124 574 2211 Nectarcoque
595 2121 730 2212 implent
753 2121 868 2190 calices
890 2120 1047 2214 largoque
1067 2122 1179 2212 Lyaeo

346 2228 561 2316 Cornigeros3
584 2228 730 2295 madidos
751 2239 881 2317 poteras
903 2251 982 2296 mox
1004 2252 1136 2297 camere
1159 2239 1302 2297 cunctos.

342 2334 467 2400 lnterea
493 2343 623 2400 avectos
647 2344 822 2424 properant
842 2345 916 2426 post
937 2334 1055 2425 pocula
1072 2333 1165 2401 nobis

343 2437 530 2528 hlagnilicos
552 2440 644 2528 pueri
666 2460 794 2506 rursum
814 2441 995 2530 importare
1009 2441 1169 2531 phaselos.

280 2547 322 2611 75
344 2545 435 2629 Quas
458 2559 587 2612 mensas
610 2544 757 2612 homiues
780 2545 905 2627 dicunt,
933 2546 991 2612 sed
1013 2549 1145 2616 numina
1167 2569 1269 2614 contu

258 2646 263 2655 ’
342 2648 426 2716 Ditis
447 2649 636 2732 Amaltheae
657 2650 749 2716 Jovis
772 2652 998 2741 omnipotentis
1020 2653 1178 2722 alumnae.

344 2754 515 2822 Ponuntur
534 2755 643 2824 medio
661 2756 826 2847 jucundae
848 2758 1081 2848 terrigenarum

342 2858 503 2946 Deliciae,
521 2862 622 2932 dulcis
644 2864 719 2931 nive
741 2862 969 2954 candidiorque
990 2863 1142 2946 medulla,

341 2965 410 3032 Sub
432 2975 564 3051 tenero,
585 2968 696 3059 gracili
717 2970 801 3059 pede
824 2969 929 3060 quaba
952 2970 1040 3038 ducit
1060 2969 1209 3038 Arachne

278 3075 322 3138 80
342 3071 429 3156 Fila,
452 3075 635 3144 verecunde
658 3076 802 3144 condens
823 3074 984 3142 velamine
1006 3075 1131 3161 vultus;

340 3178 473 3248 Invento
496 3179 626 3249 Arcadii
647 3204 688 3247 ne
711 3182 782 3272 quis
804 3179 938 3249 densata
959 3182 1104 3271 magistri

339 3283 488 3354 Flumina
509 3288 687 3377 conspiciat
707 3289 826 3377 pressis
849 3289 1010 3354 manantia
1032 3289 1197 3373 mammis,

339 3388 434 3473 Quae
457 3404 512 3461 aut
534 3391 676 3482 amylum
699 3394 842 3460 vocitant
863 3394 955 3460 Jovis
979 3401 1036 3459 aut
1056 3393 1186 3462 bellaria
1209 3397 1327 3464 haunt.

338 3493 435 3565 Nunc
458 3522 587 3591 quoque
609 3499 800 3566 distribuunt
820 3495 1292 3587 mixtenchytocartamilrixum

276 3610 319 3676 85
341 3603 1070 3693 Ervioicerculacanthinotritioavenogulosum

337 3713 454 3784 Nobile
476 3711 693 3802 pulmentum,
715 3712 804 3779 van'a
828 3710 947 3776 Cerere
970 3712 1111 3802 undique
1132 3714 1278 3780 mixtum

339 3819 415 3888 lnde
436 3820 535 3911 ignita
558 3815 679 3907 duplex
699 3816 884 3906 mellitaque
906 3817 1141 3886 tn'ticoconchis

339 3927 479 3994 Advenit
500 3933 596 4013 atque
618 3923 690 3990 olco
713 3924 833 3990 flavum
855 3925 1062 4013 ptisanarium
1085 3947 1210 4015 oryzae.

337 4033 457 4104 Circuli
480 4041 512 4098 et
532 4031 690 4096 innumeri
712 4031 845 4097 veniunt
865 4029 938 4096 frixi
960 4029 1041 4098 bene
1063 4033 1142 4113 hasi3

273 4143 316 4206 90
337 4139 380 4206 Et
403 4140 517 4210 drrlccs
543 4135 663 4228 globuli
685 4134 796 4202 melliti
817 4139 1029 4204 sesamotosti.

336 4245 461 4314 Caseus
483 4245 558 4314 hinc
580 4241 698 4310 etmel
720 4243 815 4309 niveo
840 4252 872 4310 et
892 4263 968 4308 oum
988 4241 1073 4310 lacte
1094 4243 1202 4311 larirra.

333 4352 501 4421 Pemmata
523 4361 599 4420 tuuc
621 4348 694 4420 oleo
716 4350 872 4420 ferventia
893 4351 1124 4438 sesamispcrsa
