3086 4992
834 299 885 374 64

288 513 385 576 quare
407 490 437 553 ei
456 489 585 568 alienos,
606 507 663 550 nec
684 486 832 570 proprios
855 505 965 550 versus
986 477 1145 563 tribuerit,
1171 506 1240 548 cum
1261 485 1288 548 ia
1310 485 1432 548 fabulae

288 617 357 658 oum
382 595 479 656 fratre
508 590 631 673 pridem
660 589 772 654 docere
805 589 966 669 coepisset.
1017 588 1104 664 Quae
1136 601 1183 652 est
1212 600 1316 650 autem
1349 589 1435 652 inter

288 701 363 760 lraec
384 709 416 758 et
438 697 493 759 illa
514 694 706 773 similitudo,
738 716 819 778 quae
843 690 956 756 Medea
976 713 1028 772 ap.
1048 690 1193 774 Euripid.
1220 695 1263 755 96
1285 691 1435 774 profert?

288 805 393 866 Placet
424 800 535 880 igitur,
562 797 648 881 quod
676 799 822 860 nonnulli
851 807 994 860 veterum
1023 795 1249 876 interpretum,
1276 814 1333 856 seu
1360 815 1436 856 eon-

287 911 420 982 ieetura,
457 924 512 965 seu
548 901 789 964 narratiunculis
826 901 917 978 ireti,
960 899 1184 962 confirmarunt
1219 894 1272 981 (cl.
1304 897 1435 981 Schol.),

288 1007 437 1092 quodque
470 1005 584 1081 doctis,
616 1017 650 1066 ut
671 1005 869 1081 Elmslejo
900 1001 938 1064 ad
967 1003 1076 1083 Eurip.
1098 1003 1183 1070 Med.
1205 1026 1236 1086 p.
1250 1006 1293 1066 98
1321 1002 1367 1088 (p.
1390 1008 1434 1066 88

289 1111 339 1174 ed.
360 1107 464 1192 Lips.)
481 1122 513 1170 et
528 1109 754 1172 Welcltero
766 1108 858 1186 Trag.
879 1107 934 1168 Gr.
950 1110 986 1170 P.
1001 1107 1054 1168 lll.
1075 1129 1107 1188 p.
1119 1109 1215 1184 1031,
1232 1106 1361 1187 placuit,
1383 1107 1434 1166 bic

288 1216 496 1293 fragmentum
525 1212 711 1289 Melanthii,
745 1208 888 1294 quamvis
924 1208 1015 1272 valde
1046 1221 1216 1289 mutatum,
1246 1210 1279 1271 in
1311 1208 1434 1272 duobus

287 1317 448 1380 versiculis
470 1335 536 1377 esse
558 1327 727 1395 superstes.
768 1314 875 1376 Alium
897 1316 1002 1375 locum
1024 1315 1210 1376 Plutarchus
1230 1311 1269 1376 de
1290 1312 1370 1374 Coh.
1390 1313 1433 1372 lr.

288 1423 320 1497 2,
341 1418 379 1482 de
401 1419 471 1482 Ser.
486 1417 615 1480 Numin.
638 1414 772 1478 vinno
796 1428 827 1478 et
839 1417 968 1478 Tnetaes
990 1415 1028 1478 ad
1041 1415 1158 1478 Hesiod
1178 1439 1210 1498 p.
1224 1419 1266 1477 82
1286 1416 1434 1476 citarunt.

203 1573 208 1582 ,
288 1520 375 1598 Quae
399 1543 469 1582 cum
491 1521 536 1582 ita
558 1521 635 1596 sint,
668 1517 707 1580 de
736 1518 943 1597 generositate
976 1540 1012 1580 ac
1039 1520 1204 1580 nobilitate
1232 1520 1435 1581 vehementer

289 1625 482 1702 dubitamus,
511 1644 592 1706 quae
614 1623 648 1684 in
670 1627 736 1700 ejus
757 1621 871 1684 fabulis
899 1621 1010 1698 luerit,
1038 1643 1141 1704 neque
1173 1623 1212 1682 ab
1243 1620 1433 1698 humilitate,

289 1751 391 1812 neque
416 1750 434 1790 a
456 1727 661 1810 loquacitate,
690 1744 794 1806 neque
816 1745 835 1785 a
856 1725 1039 1788 scurrilibus
1065 1725 1156 1804 nugis
1187 1722 1352 1786 admodum
1381 1745 1435 1784 re·

289 1833 394 1895 motis.
437 1829 501 1907 Qui
522 1830 604 1892 enim
628 1848 779 1909 personae
801 1829 973 1892 virtutibus
996 1849 1109 1890 ornare
1133 1831 1251 1910 potuit,
1281 1848 1358 1910 quas
1379 1846 1434 1888 ne-

289 1956 351 2019 que
374 1936 513 2016 cognitae
531 1933 656 2011 habuit,
678 1954 735 1994 nec
751 1932 857 2011 magni
876 1934 1066 2011 aestimavit,
1087 1954 1144 1996 nec
1167 1934 1222 1996 diu
1241 1933 1359 1995 intueri
1381 1931 1436 1993 de·

287 2039 374 2115 buit,
395 2059 435 2098 ne
457 2038 524 2116 ipae
546 2037 595 2097 sui
621 2037 760 2098 conscius
782 2033 896 2100 fieret?
941 2035 1107 2113 Quomodo
1136 2037 1186 2100 vir
1217 2049 1283 2098 tum
1317 2035 1436 2096 effemi-

289 2144 371 2204 natis
392 2140 531 2202 moribus
551 2137 703 2220 mollique
725 2138 865 2218 ingenio,
896 2150 964 2200 tum
985 2139 1174 2222 loquacitate
1195 2138 1320 2200 infamis
1350 2158 1436 2200 seve·

289 2265 360 2309 rum
391 2265 426 2306 ac
457 2239 574 2323 manda
605 2238 730 2302 dicendi
759 2262 856 2320 genus
883 2241 988 2321 potuit
1016 2263 1161 2320 servare,
1191 2241 1277 2326 quod
1301 2240 1435 2302 maxim

290 2345 469 2426 tragoediae
501 2343 668 2424 proprium
699 2337 774 2402 est?
823 2339 1009 2426 Quanquam
1046 2343 1190 2426 apposite
1223 2343 1265 2406 de
1293 2345 1435 2424 Diogene

292 2451 416 2511 aemulo
434 2447 603 2510 Plutarch.
633 2443 671 2506 de
693 2442 800 2506 Audit.
823 2449 861 2510 5:
898 2443 945 2514 Ὀ
966 2451 1034 2532 μὲν
1053 2444 1121 2532 γὰρ
1142 2439 1363 2524 Μελάνθιος,
1392 2439 1437 2517 nir

294 2556 409 2630 ἔοικα,
434 2550 510 2633 περὶ
542 2549 602 2633 τῆς
629 2550 808 2632 Διογένους
840 2549 1023 2634 τραγῳδίας
1052 2551 1249 2635 Inaequata,
1281 2545 1342 2616 caia
1371 2555 1438 2632 ἔφη

292 2651 438 2718 κατιδεῖν
461 2643 572 2734 αὐτὴν
593 2641 665 2715 dud
686 2651 753 2716 οών
776 2643 955 2734 ὀνομάτων
977 2655 1315 2740 ἐπιπροσθουμένην.
1348 2649 1436 2728 Quae

292 2755 369 2818 vitia
391 2751 603 2836 nequidquam
624 2751 668 2813 sic
698 2754 811 2814 tollere
838 2753 976 2834 studuit,
1007 2769 1041 2818 ut
1067 2777 1217 2838 personas
1244 2754 1436 2836 importunis

292 2859 390 2920 animi
411 2856 573 2918 affectibus
596 2867 627 2916 et
649 2855 939 2936 perturbationibus
969 2858 1083 2922 iaceret
1106 2861 1256 2941 flagrare,
1284 2877 1355 2921 eum
1379 2877 1437 2918 ex·

292 2962 476 3039 clamarent,
509 2958 771 3043 quemadmodum
799 2960 866 3040 ipae
888 2959 926 3022 de
951 2966 1070 3038 jactura
1097 2963 1301 3027 delicatarum
1328 2975 1436 3022 rerum

291 3064 400 3145 inepte
422 3064 635 3146 conqueritur.
679 3064 753 3126 Pari
780 3061 873 3126 modo
905 3064 938 3124 in
966 3066 1035 3126 loco
1066 3067 1175 3128 comici
1204 3064 1318 3128 indicia
1344 3081 1437 3142 repe-

291 3167 436 3246 riuntur,
466 3167 620 3250 equibus
642 3166 777 3228 imitatio
807 3165 966 3246 Euripidis
991 3169 1137 3230 cernitur.
1180 3168 1225 3230 Ut
1246 3166 1438 3230 Melanthius

292 3270 367 3332 lecit
391 3268 546 3333 Medeam.
595 3271 674 3330 Item
704 3287 831 3344 versus,
861 3289 941 3349 quoa
961 3272 1189 3352 Aristophanes
1219 3271 1249 3332 ei
1271 3270 1382 3332 tribuit
1389 3289 1438 3347 ,e

293 3370 458 3446 monodia,
487 3371 520 3432 id
543 3382 607 3446 est,
627 3370 685 3430 illo
706 3369 889 3432 melicorum
910 3376 1081 3436 carminum
1107 3395 1220 3454 genere
1242 3375 1438 3454 pentinum,
1529 3407 1530 3414 1

295 3493 359 3556 quo
388 3472 555 3552 Euripides
586 3473 775 3552 tragoediam
807 3488 949 3537 auxerat.
978 3477 1137 3559 Aristoph.
1166 3480 1245 3540 Rau.
1268 3481 1342 3554 944,
1363 3480 1438 3550 849,

295 3576 421 3637 Thesm.
445 3576 546 3652 1076,
579 3576 748 3640 Miiller.
770 3579 851 3640 Hiar.
872 3579 910 3640 L.
930 3580 968 3642 G.
990 3581 1026 3640 T.
1042 3581 1081 3642 ll.
1102 3603 1134 3660 p.
1149 3585 1221 3644 154.
1265 3582 1439 3642 Porrore·

295 3677 480 3759 petitionem
507 3679 592 3741 vocis
623 3673 772 3764 ὀλόμαν,
804 3683 843 3742 ab
871 3682 1099 3762 Aristophane,
1132 3696 1168 3744 ut
1187 3686 1219 3744 in
1242 3685 1322 3745 Ran.
1341 3686 1439 3760 1338,

299 3785 392 3859 1352,
416 3783 510 3859 1353,
534 3784 630 3860 1354,
653 3783 825 3845 sexcenties
846 3782 999 3860 derisam,
1021 3806 1090 3846 eum
1111 3787 1179 3848 aliis
1201 3788 1234 3846 in
1256 3785 1350 3862 lonis,
1372 3796 1438 3844 tum

297 3886 329 3946 in
353 3884 507 3947 monodiis
524 3885 690 3967 Euripides
712 3887 883 3968 plurimum
904 3886 1055 3948 adhibuit.
1097 3887 1252 3951 Androm.
1271 3891 1345 3965 524,
1364 3890 1442 3964 854,

297 3991 392 4067 1181,
417 3990 511 4068 1111,
534 3993 633 4070 1111,
664 3991 1084 4068 81111881888891,
1114 3993 1188 4070 οιο,
1219 3994 1313 4068 1111,
1347 3992 1440 4066 tuno,
1529 4059 1530 4062 ι

298 4093 382 4156 1097
405 4105 463 4154 etc.
505 4091 677 4170 Adjicimus
698 4095 830 4154 alterum
852 4093 1061 4170 fragmentum

466 4189 510 4260 cd
532 4190 625 4262 damni
645 4187 827 4279 πράσσειν,
847 4186 909 4266 cde
931 4194 1055 4277 φρένας
1075 4195 1290 4278 μετοικίσας,

297 4295 330 4354 in
352 4315 416 4375 qun
439 4297 571 4358 verbum
591 4296 796 4380 μετοικίζειν
821 4294 860 4356 ad
881 4297 1042 4378 Euripidis
1070 4297 1308 4362 similitudinem
1334 4299 1441 4380 singu·

298 4394 358 4454 lari
379 4415 437 4456 usar
460 4417 641 4477 expressum
664 4409 720 4459 eet.
763 4399 845 4460 Nam
867 4401 894 4462 is
915 4401 948 4462 in
971 4401 1225 4466 Andromene:
