3076 4998
658 339 730 415 149

119 526 293 596 αἰδεῖσθαι
323 517 488 610 ἀλλήλους
516 517 737 595 ἀπολείπειν·
771 487 959 614 θανμαάτά
989 531 1111 618 λέγων,
1138 535 1205 620 εἴγε
1233 541 1266 602 αλ

66 643 68 651 ·
120 625 231 715 ψόγου
252 651 290 694 τε
314 619 548 712 ἀφροντιστεῖν
570 629 626 696 καλ
645 621 881 720 ἀναισχυντεῖν
903 629 987 717 πρὸς
1005 629 1170 720 ἀλλήλους
1191 643 1267 706 ἐθι-

120 732 277 818 ζόμενοι,
302 719 397 798 οὗτοι
418 726 568 816 μάλιστα
591 726 814 822 αἰσχύνονται
836 732 972 823 αἰσχρόν
993 761 1026 803 τι
1049 751 1169 807 ποιεῖν.
1218 742 1267 805 Ex

120 856 183 921 quo
206 837 364 915 cernitur,
391 837 525 914 amoris,
549 859 642 922 quem
663 839 829 901 Pausanias
851 838 1006 917 defendit,
1028 842 1141 924 cuique
1161 844 1267 907 indul·

121 941 195 1004 sisse
222 940 366 1018 videtur,
390 953 533 1004 naturam
555 943 783 1026 turpissimam,
810 964 943 1026 eramque
964 943 1004 1008 ad
1026 946 1267 1031 παιδεραστλαν

120 1065 194 1110 uere
216 1065 409 1128 propensum
431 1045 536 1110 luisse.
580 1045 672 1124 Quod
690 1050 780 1111 Plato
800 1047 972 1126 confirmat,
991 1047 1170 1131 ubicunque
1186 1049 1267 1113 illud

120 1148 294 1227 Agathonis
319 1160 351 1210 et
372 1149 540 1212 Pausaniae
565 1153 781 1215 commercium
802 1151 911 1232 tangit.
954 1151 1049 1233 Apud
1071 1171 1164 1235 quem
1186 1153 1267 1230 Aga·

122 1252 195 1325 tho,
225 1251 284 1313 etsi
312 1251 411 1313 fusius
440 1252 504 1316 vim
533 1255 659 1318 Amoris
687 1276 753 1318 sese
780 1254 980 1319 laudaturum
1002 1276 1068 1318 esse
1088 1249 1275 1337 profitetur,

122 1351 255 1416 Cooair.
273 1356 347 1431 195,
369 1355 470 1417 omnis
491 1367 595 1417 tamen
617 1357 719 1419 oratio
740 1357 779 1420 ad
800 1357 973 1440 potentiam
993 1357 1140 1437 numinis,
1162 1379 1180 1419 a
1201 1376 1266 1440 quo
1374 1357 1378 1364 ’

120 1475 292 1536 puerorum
315 1453 401 1516 ducit
421 1476 569 1536 amorem,
590 1457 777 1522 laudandam
793 1460 907 1522 sensim
924 1459 1089 1524 delabitur.
1132 1461 1173 1522 Et
1185 1461 1266 1522 Pau·

121 1558 224 1620 sanias
245 1559 440 1638 voluptatem
461 1563 602 1643 corporis
623 1563 751 1647 quidem
774 1565 960 1646 contemnit3
986 1565 1043 1628 sed
1062 1564 1118 1626 illa
1138 1562 1266 1624 minime

121 1673 325 1742 aspernatur,
347 1685 428 1747 quae
449 1679 512 1728 tam
534 1687 664 1754 corpus,
687 1689 781 1758 quam
802 1669 939 1730 animum
961 1669 1100 1731 suaviter
1120 1665 1267 1729 afficiant.

121 1762 210 1840 Quin
238 1785 401 1829 veneream
432 1768 636 1850 cupiditatem
666 1791 701 1831 ac
728 1772 883 1833 sincerum
909 1791 1048 1834 amorem
1070 1771 1165 1832 animi
1188 1768 1267 1831 adeo

121 1867 295 1947 confundit,
316 1882 352 1931 ut
373 1893 413 1932 ne
434 1869 514 1932 illud
536 1871 791 1954 quidemgenus,
811 1872 845 1932 in
867 1892 931 1954 quo
951 1884 1017 1934 tota
1037 1873 1173 1934 amicitia
1194 1890 1268 1933 con·

120 1971 222 2049 sistit,
250 1994 269 2035 a
297 1973 473 2036 libidinosis
501 1987 641 2037 secernat
668 1975 899 2057 voluptatibus,
928 1995 1005 2057 quas
1032 1966 1145 2038 Boeoti
1173 1986 1268 2056 atque

120 2073 283 2140 Elidenscs
314 2076 346 2137 in
377 2077 487 2157 primis
517 2078 740 2160 sequebantur.
788 2077 866 2139 Plat.
894 2075 1002 2158 Symp.
1032 2099 1066 2159 p.
1088 2080 1151 2140 182
1173 2079 1209 2138 B.
1232 2075 1268 2140 C.

119 2180 270 2260 Xenopb.
293 2177 401 2261 Symp.
425 2202 451 2241 c.
472 2181 555 2258 Vlll‚
578 2185 630 2259 34,
651 2180 716 2244 cic.
739 2179 778 2242 de
799 2181 878 2262 Rep.
899 2181 947 2243 lV
968 2178 1037 2242 init.
1084 2179 1205 2242 Wolf.
1226 2177 1266 2240 ad

119 2283 244 2344 Platon.
266 2281 376 2365 Symp.
396 2283 454 2362 IX,
473 2285 504 2344 8.
548 2282 656 2361 Addo,
685 2271 772 2366 quod
793 2296 918 2364 turpem
939 2283 1107 2344 mulierum
1128 2300 1268 2343 amorem
1371 2320 1374 2328 ι

119 2387 225 2446 habet.
267 2385 350 2447 Nam
372 2387 410 2446 ab
432 2386 513 2463 illis,
536 2386 592 2468 qui
613 2388 747 2449 alterum
769 2389 935 2465 Amorem,
963 2366 1107 2448 comitem
1132 2385 1267 2448 Veneris

120 2488 278 2568 Uraniae,
308 2489 428 2566 colant,
459 2510 528 2551 cum
558 2490 632 2550 haec
662 2488 720 2552 dea
741 2508 805 2551 non
827 2489 921 2552 modo
943 2488 1105 2573 antiquior
1124 2487 1181 2567 sit,
1211 2484 1268 2550 sed

121 2593 216 2654 etiam
231 2591 361 2669 sincera,
376 2592 501 2654 nonnisi
515 2592 600 2655 viros
615 2593 648 2654 in
664 2592 783 2657 deliciis
798 2594 918 2670 haberi,
939 2593 1085 2679 Sympos.
1104 2615 1137 2675 p.
1151 2595 1209 2655 181
1221 2589 1267 2667 C„

120 2698 175 2776 ait,
197 2707 306 2758 contra
327 2694 495 2756 mulierum
515 2715 653 2772 amorem
675 2718 745 2760 cum
767 2718 786 2757 a
808 2694 867 2777 deo
888 2695 1022 2775 infundi,
1049 2701 1135 2774 cujus
1154 2708 1268 2758 natura

121 2799 249 2862 humilis
278 2810 373 2882 atque
402 2800 520 2875 abjecta
549 2798 606 2876 sit,
637 2811 704 2861 tum
732 2799 842 2880 ipsum
862 2819 922 2880 per
950 2819 982 2861 se
1003 2799 1173 2879 ignobilem
1194 2817 1268 2860 con·

121 2915 340 2985 temptumque
371 2923 437 2965 esse
466 2901 652 2964 babendum.
697 2901 784 2978 Quae
816 2923 886 2964 cum
916 2903 961 2963 ita
989 2904 1070 2982 sint,
1099 2901 1267 2966 Pausanias

120 3026 239 3090 pueros
261 3026 321 3087 pro
350 3005 533 3067 mulieribus
562 3004 662 3066 amari
689 3005 800 3068 voluit.
840 3004 922 3066 Nam
944 3016 976 3066 et
997 3005 1131 3066 alterum
1152 3007 1267 3069 amoma

120 3131 219 3191 genus
251 3111 343 3172 alteri
373 3122 549 3192 praestare,
581 3128 685 3191 neque
713 3109 753 3170 ab
781 3126 844 3168 uno
866 3107 1001 3168 ¹homine
1031 3108 1123 3168 ambo
1154 3125 1268 3186 genera

121 3215 269 3294 conjungi
289 3235 381 3296 posse
403 3216 575 3292 existimat,
597 3213 659 3276 nisi
678 3212 706 3276 is
726 3211 914 3274 deteriorem
939 3208 1151 3292 humilemque
1174 3207 1268 3269 desum

120 3330 283 3401 sequatur.
327 3320 472 3403 Sympos.
492 3342 525 3401 p.
548 3321 607 3380 181
632 3318 670 3379 Β.
713 3313 817 3392 Quare
838 3314 999 3389 omnibus,
1024 3310 1080 3394 qui
1101 3312 1267 3392 ingenuam

121 3423 324 3506 nobilemque
353 3425 466 3487 amotis
498 3435 642 3486 naturam
669 3421 890 3500 comprobent,
921 3436 1037 3498 pueros
1064 3435 1125 3497 pro
1153 3414 1267 3497 puellis

120 3525 220 3609 idque
243 3546 349 3589 amore
370 3526 510 3591 Venerio
532 3522 707 3605 diligendos
732 3543 797 3586 esse
819 3533 933 3586 censet.
983 3521 1033 3582 Ex
1061 3521 1109 3582 his
1133 3524 1195 3600 jam
1222 3521 1267 3582 fa-

121 3631 182 3695 cile
210 3631 416 3712 intelligitur,
446 3631 548 3714 qualis
575 3627 745 3693 Pausaniae
775 3627 871 3689 luerit
900 3644 998 3686 amor.
1045 3621 1137 3700 Quod
1166 3624 1268 3685 multo

121 3733 238 3796 clarius
253 3735 347 3796 etiam
362 3735 588 3815 Aristophanes
606 3751 643 3792 ea
662 3730 805 3793 orations
820 3727 948 3806 indicat,
968 3747 1031 3809 qua
1050 3725 1159 3788 laudes
1171 3727 1268 3787 Amo·

121 3835 168 3896 ris
190 3835 274 3916 apud
301 3836 463 3898 Platonem
492 3835 687 3918 exsequitur.
729 3833 810 3896 Nam
832 3831 888 3893 ubi
914 3828 1108 3912 praedicavit
1137 3826 1269 3887 felicita·

121 3951 187 4000 tem
210 3957 329 4019 eorum,
358 3940 482 4021 quibus,
505 3951 541 4002 ut
561 3937 740 4001 invenirent
760 3955 850 4000 suum
872 3933 1032 4009 amasium,
1058 3929 1191 3992 feliciter
1212 3930 1269 3992 ob·

121 4033 256 4121 tigieset,
276 4042 584 4122 (louvia-p.19382
607 4043 660 4108 aul
681 4037 731 4126 μή
752 4065 825 4124 μοι,
845 4039 960 4122 inquit,
982 4028 1146 4119 ἀπολάβῃ
1166 4026 1269 4114 Ἐρα-

122 4144 266 4234 ξλμαχας
287 4144 451 4230 κωμῳδῶν
472 4139 534 4212 eds·
555 4135 676 4228 λόγον,
704 4136 747 4219 ὥς
768 4142 973 4211 Παυσανίαν
999 4138 1055 4206 καλ
1080 4127 1268 4220 Ἀγάθωνα

123 4247 224 4332 λέγω·
257 4250 332 4322 ἴσας
360 4252 428 4333 μὲν
456 4243 521 4334 γάρ
551 4249 605 4314 καλ
636 4237 733 4316 οὗτοι
760 4245 891 4315 τούτων
918 4235 1141 4328 τννχάνονσιν
1171 4232 1269 4313 ὄντες

122 4347 179 4416 καλ
203 4349 290 4417 siole
311 4343 497 4435 ἀμφότεροι
519 4341 584 4433 τὴν
608 4344 712 4433 φύσιν
732 4344 879 4434 ἀῤῥενες.
929 4342 994 4407 Ubi
1021 4337 1206 4404 Orellius
1228 4337 1269 4400 ad

123 4451 266 4514 leocrat.‘
282 4475 314 4534 p.
333 4455 414 4518 330:
447 4447 585 4547 ἀρῤανας
610 4441 689 4527 ἑνόςΙ
713 4448 891 4514 emendarit
911 4464 972 4528 pro
992 4439 1137 4538 ἀῤῥενες.
1181 4441 1268 4519 Quae
