3044 4982
810 338 877 388 111

268 496 456 582 ponderavit
477 497 601 579 iudicio,
623 510 659 564 ut
680 497 818 582 optimus
839 498 972 582 quiaque
994 503 1099 581 poeta,
1125 519 1206 582 quae
1228 509 1318 564 vetus
1340 500 1411 581 plri-

268 604 419 686 losophus
440 601 531 680 vidit,
552 603 730 666 etiamnunc
751 603 812 666 sibi
833 603 987 668 servanda
1008 604 1173 681 existimet,
1200 623 1255 666 aen
1275 603 1412 668 rameta-

270 717 332 768 tem
356 706 540 789 copiamque
563 727 688 784 eorum,
709 728 790 792 quae
811 707 845 770 in
867 707 1123 771 sabulisvinstitui
1148 717 1294 788 possiunt,
1322 706 1412 788 equi·
1445 691 1447 697 ’

270 807 353 886 dem,
371 830 407 872 re
427 811 553 890 tragica,
582 810 684 892 qualis
704 807 789 890 apud
812 809 948 872 Graecos
969 809 1088 887 floruit,
1108 809 1195 874 omni
1216 829 1259 872 ex
1279 807 1412 872 articulo

269 912 409 991 cognita,
442 913 565 974 nullum
593 913 628 973 in
654 911 786 991 siugulis
814 911 990 974 fabularum
1018 913 1160 993 partibus
1183 909 1339 989 modum,
1354 929 1411 972 nec

268 1013 434 1078 artificium
457 1037 475 1077 a
496 1014 599 1096 potitis
620 1015 794 1080 adhibitum
816 1015 936 1094 inveni,
955 1018 994 1078 ab
1015 1016 1184 1087 Aristotele
1205 1015 1298 1095 plane
1320 1035 1411 1095 prae·

269 1117 456 1182 termissum.
503 1118 643 1202 Respicit
665 1138 741 1182 vero
763 1119 975 1199 Agathonem,
1005 1116 1279 1201 Astydamantan,
1306 1117 1412 1180 Cerci·

269 1238 362 1299 num,
389 1221 652 1300 chaeremonem,
685 1221 931 1303 cleophontem,
962 1221 1204 1302 Dicaecgeuem,
1235 1220 1411 1304 Polyidum,

268 1325 461 1404 Sthenelum,
482 1325 690 1392 Theodectem
707 1338 834 1408 praeter
849 1325 1017 1408 principes,
1038 1325 1094 1408 qni
1109 1325 1217 1392 multis
1233 1325 1311 1388 locis
1326 1343 1411 1386 conr·

267 1440 493 1493 memorantur.
536 1428 599 1492 Sed
617 1429 744 1513 reliqua
764 1428 931 1508 stagiritae
951 1448 1049 1510 opera
1068 1427 1162 1505 alibi,
1187 1425 1265 1510 quid
1286 1425 1411 1508 prosint

267 1533 376 1611 nobie,
405 1532 489 1596 inira
514 1530 661 1597 dicemus.
703 1532 916 1596 Nihilominus
943 1535 1010 1609 ejus
1034 1530 1193 1622 auditores
1219 1549 1348 1612 operam
1375 1529 1410 1590 in

267 1639 327 1700 hoc
348 1634 525 1700 studiorum
547 1656 660 1716 genere
681 1636 885 1698 collocarunt.
926 1634 971 1698 Ut
987 1633 1195 1698 Aristoxenus
1213 1632 1411 1708 Tarentinus,

268 1741 319 1804 vir
347 1755 412 1806 tam
441 1763 497 1806 sua
527 1739 688 1818 doctrina,
719 1759 813 1822 quam
843 1749 1085 1820 praeceptorum
1116 1737 1216 1817 gloria
1245 1737 1412 1813 excellens,

267 1843 356 1908 Suid.
380 1866 405 1909 s.
428 1867 475 1923 tn,
505 1843 544 1908 de
566 1842 847 1924 tragicisscripsit.
896 1841 994 1920 Cujus
1014 1841 1120 1922 operis
1140 1840 1327 1921 ampliorem
1347 1857 1412 1904 am·

268 1949 369 2010 bitum
391 1952 561 2032 pluresque
582 1963 688 2029 partes
708 1949 815 2024 luisse,
841 1969 881 2008 ex
900 1966 945 2008 eo
965 1946 1177 2022 intelligimus,
1200 1945 1285 2025 quod
1306 1945 1345 2008 ἐν
1365 1941 1411 2024 τῷ

268 2045 385 2136 πρώτῳ
417 2051 494 2132 περὶ
522 2049 780 2134 τραγῳδοποιῶν
809 2045 894 2126 apud
922 2046 1123 2108 Ammonium
1151 2065 1175 2108 ι.
1205 2067 1237 2109 r.
1264 2042 1411 2132 ῥύεσθαι

266 2149 423 2214 laudetur.
465 2149 559 2214 Unde
587 2151 719 2214 fortasse
747 2147 874 2210 ductum
902 2159 967 2224 est,
998 2145 1084 2230 quod
1110 2149 1266 2231 Anonym.
1286 2149 1320 2210 in
1342 2149 1411 2212 vir.

232 2299 236 2306 ·
267 2251 366 2335 Soph.
386 2275 437 2334 ap.
458 2251 608 2318 Dindorf.
630 2274 663 2333 p.
685 2255 760 2328 385,
780 2255 800 2312 2
823 2263 855 2312 et
876 2273 909 2332 p.
929 2253 1003 2328 388,
1025 2252 1058 2328 7,
1081 2248 1232 2332 quodque
1252 2251 1410 2314 Plutarch.

267 2354 306 2419 de
325 2356 438 2419 Music.
463 2358 502 2418 lli
525 2357 619 2418 habet
636 2353 673 2440 ¹).
715 2353 801 2418 Idem
824 2352 863 2416 de
886 2352 1049 2416 saltatione
1072 2353 1190 2433 tragica
1214 2352 1306 2439 (napi
1329 2377 1412 2439 τρα-

266 2458 365 2541 perpe
376 2453 556 2545 ὀρχήστρα)
575 2457 732 2538 exposuit.
775 2456 961 2536 Harpocrat.
974 2474 1000 2517 s.
1013 2475 1044 2517 r.
1060 2453 1295 2539 ιιιρδαιιιαμός.
1338 2455 1409 2534 Quo

267 2559 420 2623 Jcnsius
441 2559 557 2640 Script.
578 2560 620 2640 Η.
641 2560 697 2621 Ph.
719 2559 742 2636 l,
767 2561 807 2620 14
828 2557 996 2620 nonnullos
1016 2556 1172 2635 Athenaei
1193 2557 1295 2633 locos,
1325 2569 1368 2623 ut.
1384 2561 1409 2623 1.

268 2683 301 2742 p.
315 2665 355 2724 19
370 2662 407 2740 F,
428 2661 550 2724 retulit.
592 2663 671 2724 ltens
688 2660 897 2724 Chamaeleon
916 2659 1132 2723 Heracleensis
1151 2677 1215 2725 non
1237 2661 1340 2724 solum
1360 2681 1412 2724 res

268 2773 444 2856 poetarum,
466 2766 523 2848 qui
542 2765 577 2832 in
595 2765 705 2828 melica
725 2765 815 2848 poe‘si
830 2763 966 2829 studium
981 2777 1161 2846 posuerant,
1182 2776 1219 2826 ut
1233 2765 1413 2831 Anacreon·

268 2868 320 2946 tis,
347 2869 431 2946 Lusi,
457 2868 597 2947 Pindari,
623 2869 778 2950 Sapphus,
798 2867 983 2944 ,Stesichorh
1008 2866 1186 2945 Simonidis,
1207 2869 1321 2932 Atlrsn.
1340 2869 1413 2932 Xll.

269 2969 431 3052 pstoc.
452 2971 538 3037 Vlll.
558 2959 877 3053 posthumant
897 2969 1047 3032 scenicam
1070 2989 1196 3051 quoque
1218 2983 1317 3034 artem
1339 2993 1413 3050 per·

269 3087 392 3140 secutus
422 3085 479 3139 eet.
528 3075 589 3140 Hic
620 3075 704 3140 enim
735 3073 997 3158 quemadmodum
1027 3071 1066 3132 de
1087 3072 1247 3135 comoedia
1276 3073 1411 3151 scripsit,

268 3177 384 3242 Athen.
404 3181 462 3243 IX.
483 3203 516 3261 p.
530 3181 594 3244 att
608 3181 644 3257 Δ,
660 3179 743 3242 ibid.
765 3200 797 3256 p.
811 3175 934 3248 406.E;
959 3173 1003 3231 sic
1024 3190 1069 3246 ea,
1090 3191 1172 3252 quae
1193 3171 1233 3236 de
1254 3173 1410 3258 Aeschylo.

269 3280 438 3343 memoriae
460 3278 620 3357 prodidit,
648 3279 765 3342 Athen.
781 3276 838 3334 lx,
857 3294 891 3352 p.
909 3273 972 3334 375
984 3269 1026 3332 F:
1048 3270 1167 3344 rorico,
1180 3271 1216 3343 δὲ
1238 3277 1411 3358 παρέθετο

271 3378 479 3462 Χαμαιλέων
502 3382 540 3444 ἐν
560 3377 606 3462 τῷ
628 3377 705 3460 περὶ
730 3372 918 3462 Αἰσχύλου,
939 3375 982 3437 Χ.
1003 3394 1037 3453 p·
1057 3375 1122 3436 428
1135 3374 1185 3456 Ἐς
1205 3377 1230 3438 Ι.
1248 3399 1284 3458 p.
1303 3383 1342 3442 21
1364 3381 1411 3462 ,E3

269 3477 345 3544 ibid.
367 3500 400 3560 p.
415 3481 457 3542 22
480 3478 522 3556 A,
546 3497 689 3559 quaeque
710 3474 750 3539 de
771 3474 901 3558 satyris,
922 3476 1033 3558 Apoat.
1052 3477 1149 3539 Prot.
1169 3478 1225 3558 lV,
1249 3483 1280 3542 7.
1323 3481 1411 3548 Suid.

269 3601 294 3644 a.
318 3603 369 3645 vv.
384 3573 566 3675 ,Ἀρίατιαα
593 3577 761 3656 Κύκλωψ.
781 3577 959 3662 μέμνηται
988 3570 1115 3647 τούτου
1140 3583 1347 3667 Χαμαιλέων
1373 3595 1411 3657 ea·

269 3683 313 3768 τῷ
336 3681 413 3766 περὶ
432 3675 607 3764 Σατύρων,
627 3677 671 3744 id.
691 3699 717 3742 s.
739 3700 769 3743 v.
791 3671 989 3756 Ἀπαλέσας
1009 3674 1071 3748 τὸν
1092 3682 1190 3754 αἶνον
1210 3709 1240 3752 ιι.
1254 3709 1285 3752 τ.
1298 3690 1341 3766 h,
1360 3711 1411 3754 re·

270 3783 380 3866 liquit,
408 3781 529 3860 elibro
550 3780 643 3845 ducta
666 3779 831 3866 ridentur,
862 3801 926 3864 quo
952 3801 1076 3846 omnem
1103 3787 1293 3866 tragicorum
1314 3791 1411 3856 histo·

270 3885 349 3947 riam
372 3897 439 3947 erat
460 3885 651 3966 complexus.
675 3871 736 3948 ‘At
761 3885 866 3966 epicos
894 3907 1020 3971 quoque
1041 3909 1239 3974 nequaquam
1262 3898 1410 3977 neglexit,

273 4002 307 4050 ut
327 3990 395 4071 ips'e
423 3988 507 4071 apud
530 3991 704 4070 Diogenem
731 3991 768 4056 L.
786 3991 829 4071 V,
853 3993 884 4069 ⁷,
905 3995 947 4054 92
975 3991 1149 4055 confirmat.
1198 3995 1409 4071 Quamobrem

271 4095 458 4176 locupletem
491 4099 556 4173 ejus
586 4093 703 4157 librum
732 4093 771 4158 de
798 4093 901 4178 po'e'tis
932 4099 1080 4180 cuiusque
1106 4096 1228 4176 generis
1254 4101 1409 4166 exstitisse

342 4327 377 4398 l).
390 4329 446 4385 Nec
468 4331 575 4386 alicnde
598 4333 750 4404 Diogenem
776 4331 805 4384 1..
825 4333 858 4398 V,
876 4336 911 4387 tt
936 4333 1103 4406 descripsisse
1127 4333 1262 4407 suspicor,
1287 4335 1410 4407 quaeda

269 4415 384 4472 literaria
404 4419 497 4474 fraude
515 4419 662 4477 Heraclidis
679 4421 785 4477 Pontici
805 4431 903 4476 narrat.
990 4453 1004 4467 ··
