3086 4992
667 334 715 402 57

111 518 308 600 respexisie,
339 518 455 600 quibus
476 517 568 580 autho
591 517 807 598 postestate
834 537 901 580 sess
930 516 1163 583 contenderant.
1205 518 1264 583 Ni·

111 620 287 683 hilominus
309 621 465 683 sententia
477 620 665 703 Grysarii
681 621 730 681 De
752 631 830 699 trag.
852 623 937 703 qual.
953 642 979 684 c.
991 633 1086 702 temp.
1100 624 1263 686 Demosth.

113 723 279 805 displicet,
300 720 359 782 tali
381 721 502 784 honore
524 741 587 784 non
607 721 767 799 Philoclis,
790 721 843 784 sed
864 721 1012 804 Aeschyli
1031 724 1151 786 fabulas
1172 744 1264 786 orna·

115 840 162 889 tas
183 847 252 890 csse
276 825 428 888 docentis.
471 826 552 888 Nam
576 824 782 888 adversantur
804 825 892 903 huic,
920 843 1002 908 quse
1024 846 1118 908 supra
1141 825 1179 890 dc
1201 829 1264 898 Eu·

113 932 272 1011 phorione
299 929 538 1011 disputavimus.
593 929 679 993 Fieri
707 933 829 1012 potuit,
863 943 898 994 ut
920 929 1090 1014 Sophocles
1122 935 1263 999 favorem
1369 957 1375 966 ·

114 1033 188 1094 ideo
214 1035 330 1096 fabulis
352 1052 533 1115 comparere
554 1053 617 1096 non
640 1048 760 1115 posset,
786 1035 871 1117 quod
893 1035 1030 1115 regimen
1056 1038 1185 1099 Periclis
1206 1039 1264 1102 im·

115 1137 288 1216 pugnavit,
318 1131 384 1198 nsc'
399 1137 556 1198 aemulum
577 1137 678 1197 solum
699 1137 733 1197 in
753 1138 911 1215 Philocle,
941 1136 995 1200 sed
1024 1139 1117 1200 etiam
1149 1143 1265 1219 gratio·

118 1241 233 1300 siorenr
266 1239 480 1303 adversarium
510 1239 669 1301 excitavit.
725 1239 928 1303 Welclter.
959 1241 992 1302 in
1027 1241 1181 1322 Tragoed.
1207 1245 1264 1306 Gr.

116 1343 154 1402 Ρ.
169 1343 192 1402 1.
213 1364 284 1424 pag.
296 1345 370 1405 260.
384 1345 420 1405 P.
435 1337 487 1404 111.
499 1361 568 1422 pag.
579 1344 653 1404 967.
715 1401 732 1429 ⁸

203 1448 436 1510 Morsimus.
457 1447 636 1520 Monimou,
646 1447 794 1508 Philoclis
809 1445 903 1524 filius,
915 1448 1125 1511 Atheniensis.
1147 1449 1263 1512 Filium

119 1549 229 1610 hahuit
245 1549 509 1630 Astydnmantem‚
520 1551 745 1613 nobilissimum
761 1549 991 1629 tragoediarum
1002 1553 1196 1633 scriptorem,
1209 1553 1265 1637 qui

118 1648 169 1714 Ol.
177 1656 232 1729 95,
240 1660 270 1715 2.
280 1655 417 1734 primunr
427 1655 503 1716 artis
514 1655 670 1735 specimen
683 1653 779 1715 dedit.
794 1651 888 1728 Quod
898 1653 1025 1735 quidem
1035 1665 1167 1717 aetatem
1176 1658 1264 1718 Mor·

120 1753 195 1814 simi
209 1755 334 1834 indicat,
352 1759 537 1820 testimoniis
551 1777 613 1819 non
630 1757 827 1819 declaratam.
856 1757 937 1818 Nam
945 1759 1148 1836 Melanthius,
1156 1760 1212 1841 qui
1225 1761 1263 1821 ab

121 1854 173 1920 01.
188 1860 268 1935 89,3
290 1879 388 1942 usquc
408 1859 445 1921 ed
463 1857 514 1923 01.
532 1864 636 1936 lohe
660 1861 757 1935 vixit,
787 1878 855 1919 cum
889 1858 1017 1941 aliquod
1040 1879 1155 1920 nomen
1178 1861 1264 1940 vige·
1335 1935 1340 1948 ¹

120 1961 201 2023 simo
228 1976 340 2043 quarto
368 1963 478 2023 aetatis
510 1957 770 2038 111οο1.83,3
801 1961 860 2024 sibi
887 1979 1080 2041 comparasse
1111 1961 1265 2040 videatur,

119 2063 267 2141 01.83,3
291 2066 355 2128 fere
377 2077 469 2128 natus
491 2077 555 2144 est3
577 2066 605 2128 is
626 2077 730 2128 autem
744 2065 843 2126 frater
858 2065 1002 2128 Morsimi
1023 2066 1094 2130 tuis.
1115 2067 1155 2129 Et
1172 2070 1266 2150 Asty-

120 2165 225 2230 damas
247 2169 328 2230 circa
349 2165 400 2232 Ol.
422 2171 505 2244 89,ss
527 2181 619 2231 natus
642 2180 705 2245 est,
733 2169 760 2230 si
780 2167 908 2250 quidem
930 2169 958 2231 is
980 2183 1093 2252 quarto
1121 2184 1153 2233 et
1181 2171 1267 2250 rige·

123 2271 201 2332 simo
228 2273 340 2334 aetatis
374 2291 457 2334 anno
488 2272 621 2354 primam
653 2275 791 2336 fabulam
824 2272 921 2334 dedit.
973 2273 1075 2350 Quem
1102 2276 1130 2339 si
1160 2278 1266 2356 genuit

123 2385 227 2454 pater,
264 2396 335 2438 curn
364 2375 494 2440 totidem
524 2378 592 2460 ipsc
613 2398 712 2443 annos
734 2376 853 2453 habuit,
878 2377 989 2439 natalis
1012 2377 1156 2440 Morsimi
1186 2379 1265 2440 circa

121 2475 171 2541 Ol.
195 2480 275 2554 83,2
304 2476 467 2558 ponendus
495 2492 551 2543 est.
600 2479 694 2545 Unde
713 2480 871 2542 Philocles
897 2493 988 2561 pater
1012 2481 1157 2545 Morsimi
1178 2501 1267 2543 sexa·
1296 2486 1302 2496 '

122 2579 267 2659 genucius
290 2581 355 2642 lere
382 2601 476 2642 senex
507 2585 564 2644 sub
593 2595 727 2644 mortem
756 2580 917 2662 Euripidis
946 2583 1128 2663 vigesimum
1155 2583 1267 2646 aetatis

122 2703 237 2743 annum
260 2695 480 2762 superaverat,
510 2703 575 2767 quo
596 2697 737 2767 tempora
769 2685 876 2762 genuit
902 2683 1014 2748 filium.
1065 2687 1177 2768 Neque
1209 2687 1267 2746 hae

121 2782 433 2862 solun1‚sedetiam
457 2785 528 2846 illae
549 2787 687 2850 rationes
708 2787 860 2866 temporis
881 2788 1082 2848 conveniunt.
1123 2785 1205 2850 Nam
1220 2786 1268 2849 ui·

124 2887 273 2967 gesimum
295 2887 428 2947 alterum
451 2891 634 2969 expleverat
654 2911 787 2966 annum,
815 2911 884 2950 cum
907 2903 1038 2971 propter
1059 2891 1171 2952 malam
1193 2899 1268 2972 poe'·

124 2991 173 3053 sin
194 2992 233 3051 ab
251 2990 462 3070 Aristophane
492 2991 603 3053 irrisus
635 3003 683 3054 est
705 2988 756 3055 01.
775 2994 828 3067 88,
838 2997 869 3067 4,
898 2992 1081 3068 vigesimum
1110 3005 1267 3073 quartum,

124 3115 192 3155 cum
218 3095 350 3156 chorum
372 3092 490 3174 accepit
512 3090 562 3156 01.
577 3095 676 3173 89,3;
698 3113 755 3154 nec
775 3089 826 3156 01.
845 3094 931 3167 93,3
951 3090 984 3151 in
1004 3093 1267 3171 contemptionem

124 3207 192 3259 erat
213 3193 375 3257 adductus.

211 3299 338 3361 Statura
355 3298 531 3360 humillima
545 3298 616 3376 suit,
632 3297 738 3360 Schol.
759 3295 797 3358 ad
810 3295 972 3376 Aristoph.
983 3294 1061 3355 ilan.
1074 3295 1152 3356 1511
1172 3287 1220 3378 ἦν
1232 3294 1268 3362 δὲ

124 3403 179 3469 καὶ
204 3394 556 3486 σμινρός,811111.σ.1ι.
578 3400 856 3481 Ptopteringenii
883 3416 1070 3478 morumque
1092 3397 1269 3478 corruptio·

126 3525 198 3566 nem
220 3505 301 3565 male
322 3503 430 3565 audiit.
473 3504 704 3583 Aristophanes
725 3504 807 3564 enim
829 3515 894 3564 tem
909 3504 1001 3580 hunc,
1023 3521 1118 3584 quam
1141 3501 1269 3564 fratrem

125 3607 334 3672 Melanthium
363 3608 442 3668 Pac.
456 3611 520 3669 8l0

254 3703 420 3794 Γοργόνος
442 3705 632 3794 ὀψοφάγοι,
652 3706 914 3793 βατιδοσκόποι,
935 3705 1079 3793 ἅρπυιαι
1089 3759 1101 3788 ,

250 3807 450 3896 γραοσόβαι,
472 3813 603 3895 neapol,
624 3807 908 3897 τραγομάσχαλοι,
930 3814 1141 3900 ἰχθυολῦμαι

126 3913 307 3994 opprobriis
339 3925 385 3975 est
421 3927 629 3992 consectatus,
665 3935 745 3995 quae
778 3913 895 3993 partim
929 3912 1113 3976 edacitatem
1151 3930 1269 3984 eorum,

126 4015 243 4096 partim
265 4027 373 4097 turpes
394 4036 535 4078 amorum
557 4015 662 4094 ludos,
684 4016 799 4096 partim
820 4017 997 4098 squalorem
1011 4014 1181 4093 sordesque
1201 4029 1268 4087 gre-

127 4119 210 4180 siter
232 4129 376 4198 carpunt.
420 4117 503 4179 Vide
524 4119 628 4181 Schol.
652 4121 681 4179 h.
703 4120 725 4178 1.
748 4130 778 4179 et
803 4115 930 4179 Suidam
955 4138 979 4179 s.
1000 4137 1051 4180 vv.
1074 4110 1271 4182 Μελάνθιος

129 4221 182 4287 sci
199 4215 389 4303 Μόρσιμος.
433 4219 494 4282 Sed
509 4220 593 4300 apud
610 4221 801 4303 Hesychium
817 4240 841 4281 s.
854 4241 886 4283 r.
898 4218 1080 4302 Κλάμινο1
1091 4209 1175 4272 eliud
1189 4212 1270 4290 frog·

129 4334 267 4385 mentum
291 4323 428 4401 ejusdem
450 4325 559 4385 comici
575 4337 702 4402 exstat,
731 4344 794 4406 quo
815 4323 924 4386 incesti
952 4333 1125 4401 puerorum
1145 4314 1268 4377 amoris

129 4425 343 4488 insimulatur:
365 4425 567 4510 Κλάιιινος,
591 4420 706 4510 Ιανρὸς
726 4420 855 4509 ipsis,
876 4419 918 4490 ὃν
937 4411 1187 4504 Ἀριστοφάνης
1203 4441 1267 4502 φη·
