3060 5000
655 371 728 447 251

112 555 187 635 luit,
208 555 327 620 Porso
348 552 388 618 ad
409 551 519 638 Eurip.
539 557 659 619 Hecub.
679 557 780 620 Praei.
795 560 850 621 26.
892 561 1087 624 Hermann.
1109 561 1260 625 Elemeut.

112 659 228 722 Doctr.
259 659 354 722 Metr.
384 681 418 740 p.
438 663 504 722 tos
534 673 591 722 etc.
616 660 772 742 ·Epitour.
799 661 823 740 l.
846 666 920 726 143.
958 665 1105 747 Grupp.
1131 663 1261 728 Ariadn.

111 784 148 842 p.
171 757 236 836 778
258 773 291 822 st
313 763 394 840 783,
426 762 539 842 viginti
568 775 705 846 quatuor
732 765 809 827 Iocis
837 765 870 826 in
900 777 998 829 tanta⁴
1016 769 1261 848 fragmentorum

110 863 275 944 paucitate
296 864 470 946 usurpavit.
513 865 601 928 Sext.
618 867 736 948 Empir.
751 869 827 932 adv.
845 867 940 953 Phys.
961 894 998 934 vr
1010 875 1039 950 8,
1063 877 1114 951 I2,
1137 878 1188 948 14,
1210 873 1262 950 18,

112 969 169 1044 20,
190 969 245 1045 21,
267 969 320 1045 22,
341 971 394 1044 23,
415 971 467 1046 26,
488 969 542 1045 27,
564 971 616 1045 29,
638 972 690 1048 30,
712 973 765 1048 33,
787 973 838 1048 39,
858 975 912 1034 40.
947 973 1042 1052 Greg.
1057 971 1262 1034 Corinthii.

110 1076 144 1146 4,
168 1068 201 1133 5.
232 1069 335 1133 'stou
365 1071 465 1134 serm.
492 1094 544 1153 up.
572 1073 687 1136 Weoh·
710 1077 762 1152 61,
784 1077 858 1138 136.
880 1095 911 1138 τ.
934 1080 964 1154 2,
978 1079 1028 1154 ¹33
1062 1073 1170 1152 Eolog.
1188 1073 1261 1135 Etlr.

109 1173 203 1249 VIII,
223 1177 256 1234 4.
279 1193 311 1238 r.
334 1177 365 1252 I,
389 1175 420 1236 2.
463 1175 581 1236 Aulon.
599 1177 678 1254 106,
702 1179 776 1241 215.
798 1198 830 1240 τ.
851 1182 882 1255 2,
904 1181 934 1240 3.
985 1178 1092 1241 Minus
1120 1176 1184 1238 illis
1213 1175 1261 1237 ol·

110 1273 277 1341 sendimur
297 1273 463 1355 versibus,
479 1276 513 1340 in
533 1276 648 1360 quibus
671 1286 828 1341 caesuram
852 1281 946 1363 plane
966 1280 1082 1345 omisit.
1124 1279 1260 1360 Reisig.

111 1377 258 1459 Conlect.
281 1382 307 1460 1,
330 1385 360 1446 1.
403 1383 605 1446 Hermann.
627 1383 783 1446 Element.
805 1407 839 1466 p.
860 1387 935 1448 111.

203 1485 473 1566 Dicaeogenes.
515 1488 565 1550 Dc
589 1491 648 1550 lroe
670 1487 786 1552 Βοίδιον
804 1509 878 1554 υτ.
898 1490 1130 1577 Δικαιοχίνης,
1148 1481 1261 1572 ὄνομα

110 1581 247 1670 ιιιίριον.
273 1583 310 1660 ὃς
331 1589 514 1674 τραγῳδίας
534 1589 590 1655 sui
611 1584 850 1675 διθυράμβους
871 1595 1030 1677 ἔγραψεν.
1073 1589 1189 1652 Eadem
1209 1611 1261 1670 ep.

109 1687 235 1752 Eudoc.
256 1689 344 1754 Viol.
366 1712 401 1772 p.
422 1691 495 1756 131.
537 1693 606 1754 Iam
628 1693 789 1758 Vossius
813 1713 847 1773 p.
866 1695 918 1769 83,
939 1693 997 1774 qui
1018 1691 1057 1754 de
1079 1705 1181 1755 astate
1204 1694 1261 1753 uu·

108 1791 159 1868 ju's
195 1790 276 1852 nihil
306 1793 473 1856 memoriae
503 1791 664 1874 proditum
695 1805 901 1872 cognoverat,
931 1792 966 1854 in
993 1793 1096 1873 poe'tis
1122 1794 1260 1857 incertae

108 1893 227 1957 aetatis
250 1894 478 1974 Dicaeogenem
500 1895 619 1957 habuit.
663 1895 744 1958 Sunt
765 1907 870 1956 autem
891 1895 983 1976 plura
1005 1893 1131 1972 indicia,
1153 1916 1170 1956 e
1190 1895 1261 1976 qui-

108 2001 171 2062 bus
200 1995 308 2075 facile,
338 1995 634 2080 quandotvixerit,
663 1997 877 2079 intelligimus.
928 1995 1021 2073 Quod
1049 1994 1132 2058 euim
1156 1994 1262 2079 dithy-

106 2102 241 2165 rambos
266 2112 297 2161 et
320 2100 495 2180 tragoedias
518 2101 662 2183 scripsit,
692 2103 750 2164 sub
779 2111 914 2162 mortem
940 2098 1101 2181 Euripidis
1114 2101 1261 2180 tragicos

106 2211 224 2288 poetas
244 2204 321 2266 haec
343 2202 600 2269 duosarminum
622 2224 737 2283 genere
758 2204 954 2282 conjunxisse
974 2201 1261 2266 animadvertimus·

106 2309 215 2370 Porro
246 2316 314 2366 tum
344 2304 484 2368 delectus
512 2317 766 2386 argumentorum
797 2307 1037 2388 Isbsrlarumque
1067 2307 1261 2387 compositio,

107 2423 183 2472 tum
203 2418 318 2470 natura
340 2429 503 2486 versuum,
527 2430 621 2492 quam
642 2429 721 2471 mox
742 2408 896 2489 attingere
917 2409 1006 2488 licet,
1031 2406 1185 2486 ostendit,
1209 2427 1260 2470 ea·

105 2535 185 2576 rum
207 2511 455 2592 tragoediarum,
477 2534 609 2596 quarum
631 2515 694 2576 loci
715 2526 850 2592 restant,
877 2515 1029 2596 origiuem
1051 2533 1117 2574 esse
1138 2531 1260 2593 poueu·
1377 2593 1379 2598 Ι

107 2617 186 2680 dam
208 2627 281 2678 ante
308 2615 528 2696 octogesimum
557 2637 672 2681 nonam
700 2617 936 2702 Olympiadem,
967 2639 1031 2701 qua
1052 2617 1182 2679 metrica
1208 2635 1259 2678 ars

106 2720 461 2800 tragicorumomniuo
490 2741 640 2802 perverse
661 2735 719 2788 est.
761 2723 801 2785 Et
822 2723 1053 2786 Ecclesiazusae
1075 2719 1261 2800 Aristopha-
1339 2735 1345 2752 ¹

107 2825 160 2887 nis
185 2824 225 2886 ab
242 2824 311 2894 hoe-
328 2843 422 2887 versu
445 2823 617 2904 incipiunt:

179 2957 183 2982 τ
242 2917 268 2994 ὦ
290 2922 453 3013 λαμπρὸν
474 2923 575 3013 ὄμμα
595 2928 661 2996 τοῦ
682 2927 889 3015 τροχηλάτου
910 2924 1048 3014 λύχνου.

106 3031 163 3098 Ad
194 3031 276 3114 quae
306 3052 375 3093 cum
405 3042 497 3094 vetus
528 3029 656 3115 quidam
687 3029 859 3113 doctusque
891 3029 1057 3091 scholinsta
1085 3023 1259 3088 addiderits

107 3126 351 3204 ὑποπτεύεται
377 3132 414 3200 tl
439 3126 456 3199 ὁ
480 3133 607 3219 ἴαμβος
628 3129 651 3219 ἢ
673 3132 736 3200 τοὺ
756 3124 972 3216 Ἀχιίθιανος,
994 3121 1017 3214 ἢ
1037 3127 1101 3194 τοῦ
1122 3129 1259 3192 Διιιαιο*

107 3238 249 3325 γένους,
277 3234 353 3296 hacc
382 3235 533 3298 comicum
563 3255 603 3298 ex
632 3235 812 3315 Agathone,
844 3243 898 3294 aut
928 3231 1125 3308 Dicaeogene
1156 3225 1259 3291 sideri

107 3337 300 3419 sumpsisse,
330 3337 430 3419 hune,
461 3351 627 3424 antequam
654 3339 710 3402 illa
725 3336 897 3401 'censoedis
924 3347 1085 3417 ageretur,
1117 3331 1259 3396 docuisse

107 3440 253 3503 fabulam
272 3444 396 3504 necesse
418 3454 477 3506 est.
520 3442 699 3519 Quse'cum
721 3443 767 3504 ita
788 3441 861 3521 ¹sint,
881 3440 1093 3522 Dicaeogeu'es
1108 3437 1195 3501 inter
1206 3431 1259 3500 01.

107 3543 286 3609 LXXXIX
307 3557 339 3607 et
362 3542 414 3611 01.
426 3545 551 3626 xcvl,
571 3553 594 3610 4
614 3545 725 3628 riguit.

201 3645 270 3708 Iam
283 3645 346 3710 duo
361 3649 498 3711 carmina
511 3649 715 3730 Dicacogcnis
730 3658 1025 3725 commemorentur,
1042 3666 1150 3724 unum,
1172 3639 1259 3726 quod

109 3745 228 3813 Medea
247 3749 434 3830 inscriptum
457 3751 535 3831 11111,
564 3754 698 3815 alterum
726 3750 853 3813 nomine
878 3749 1079 3834 Cypriorum.
1121 3746 1259 3813 MentIo·

110 3872 186 3916 nem
207 3857 274 3933 ejus
295 3853 402 3919 Sclsol.
422 3855 462 3919 'ad
484 3856 594 3939 Eurip.
616 3854 702 3920 Med.
721 3859 784 3918 164
805 3853 897 3918 facit:
924 3851 1114 3940 Τιμαχίδας
1135 3847 1192 3916 sul
1215 3843 1258 3914 τιί

112 3951 276 4046 πρόχειρα
298 3959 407 4026 πᾶσιν
427 3961 596 4050 ἐνεχθείς,
626 3955 687 4027 τίν
702 3951 884 4042 Ἀψυρτὸν
906 3978 985 4039 φησι
1008 3955 1116 4037 λέγειν
1137 3941 1259 4034 αὐτὴν,

111 4061 179 4129 τοὺ
203 4051 399 4145 Εὐριπίδου
419 4057 508 4147 μήτε
529 4064 703 4138 ἑνταύθυ,
730 4053 818 4144 μήτε
839 4062 877 4124 ἐν
898 4057 943 4144 τῷ
963 4055 1064 4141 Αἰχιῑ
1088 4047 1257 4138 δηλώσαν-

113 4186 175 4236 τος
196 4153 455 4248 τίν”Λψυρτον
482 4154 660 4246 desponsi.
706 4157 754 4226 ‘O
782 4159 816 4226 δὲ
848 4151 1030 4244 Φερεκύδης
1058 4151 1113 4222 dmi
1141 4153 1204 4220 τοι]
1231 4146 1256 4230 ξ’

113 4259 274 4348 ὀνομιίζει
302 4259 423 4336 αὐτόν.
474 4263 691 4348 Δικαιοχίνης
720 4263 755 4334 δὲ
784 4269 821 4332 ἐν
849 4264 892 4348 τῇ
919 4257 1047 4344 Μηδείᾳ
1070 4245 1259 4322 Μεταπόν-

112 4382 190 4436 τιον
212 4361 330 4448 αὐτὸν,
343 4359 514 4452 ὀνομάζει.
555 4365 604 4428 Ex
624 4365 738 4431 Medea
758 4367 889 4430 Iortasse
912 4360 1069 4444 desumpti
1094 4369 1167 4424 sunt
1188 4379 1258 4424 var·

112 4488 181 4548 sus,
210 4470 326 4553 quibus
347 4469 395 4535 ais
416 4467 698 4548 amoriseiiertur,
729 4488 794 4552 quo
816 4465 944 4552 quidem
970 4485 1062 4547 saepe
1083 4460 1257 4547 peregrinis
