3060 5000
802 325 878 397 310

271 533 339 598 tur,
362 517 492 596 metuit,
513 537 552 578 ne
575 515 716 590 domina,
737 532 831 594 quem
853 527 911 591 per
931 499 1068 587 longum
1083 503 1314 568 consuetudinis
1339 516 1421 566 tem·

272 645 332 705 pus
355 621 501 702 cognorit
523 619 659 682 mamma
681 615 865 678 irritabilem
890 631 965 690 esse,
986 609 1121 670 terribili
1142 607 1215 670 odio
1237 609 1348 688 flagret
1370 609 1420 669 id·

273 747 334 810 que
357 727 389 787 in
412 725 529 786 liberos
551 731 724 784 convertat.
767 715 828 780 Sed
852 735 949 798 quare
973 713 1021 776 his
1042 711 1119 794 ipsis
1140 707 1275 772 metuit?
1316 709 1422 772 Nimi-

272 850 342 890 rum
365 827 404 889 de
426 825 465 888 iis
487 825 621 888 sollicita
643 835 699 899 eet,
723 841 802 904 quoe
823 817 990 901 praecipue
1011 817 1045 877 in
1066 813 1185 876 deliciis
1208 813 1311 875 habet.
1356 811 1421 875 Sed

272 928 450 992 ubiaudiit
470 926 628 1003 Medeam,
651 923 833 1006 gravissime
854 923 950 986 vitam
974 917 1193 995 detestantem,
1215 929 1280 977 tum
1302 917 1421 978 sollici·

272 1033 350 1096 tudo
374 1033 438 1095 abit
461 1032 494 1094 in
519 1042 655 1106 metum,
679 1049 718 1088 ne
740 1025 901 1090 iracundia
923 1023 1027 1087 denuo
1049 1029 1193 1102 erumpat
1219 1015 1295 1081 ros:

486 1138 536 1202 ire
558 1133 642 1208 orio,
664 1123 791 1218 χωρεῖθ’
809 1123 852 1204 oie
872 1126 974 1216 τάχος
996 1129 1088 1203 εἴσω,

488 1236 593 1321 δῆλον
614 1225 645 1302 d'
662 1224 766 1320 ἀρχῆς
785 1229 1002 1315 ἐξακσόμακσκ

488 1339 590 1422 νέφος
610 1337 778 1422 οἰμωγῆς,
797 1328 839 1410 eir
860 1328 1072 1422 τάχ’σῖκσῖψα

485 1443 616 1526 μείζοσι
640 1437 757 1524 θυμῷ·
780 1438 814 1504 οἱ
832 1429 910 1504 ποκ’
923 1430 1097 1521 ἐργάσεται

487 1536 827 1630 μεγαλόσσλαγχκσς,
849 1533 1148 1609 δυσκατάπαυστος

486 1635 578 1730 wopa)
605 1642 766 1729 δηχθεῖσα
789 1655 947 1708 κακοῖσιν.

275 1749 356 1809 Tum
390 1767 504 1829 pueros
537 1759 732 1826 exsecratum
768 1744 840 1808 iude
870 1744 1031 1808 interitum
1061 1759 1169 1804 eorum
1199 1736 1420 1820 pertimescere

275 1851 376 1933 coepit
398 1853 478 1914 tter

488 1948 526 2019 td
546 1953 612 2038 μοι’
633 1977 715 2038 μοι,
737 1948 774 2019 tal
797 1948 944 2037 τλήμων.
1038 1972 1042 1984 ⁴

490 2057 523 2121 ci
546 2055 582 2122 δέ
603 2081 656 2124 σοι
677 2055 793 2129 παῖδας
814 2051 941 2137 πατρὸς
964 2049 1162 2134 ἀμπλακίας

487 2156 683 2248 {reciperare
706 2157 740 2224 σι’
749 2153 877 2224 'added'
890 2161 1018 2244 ε”χθακας
1043 2157 1139 2240 οἴμοι

489 2259 609 2339 atera,
630 2259 682 2345 μή
703 2285 737 2328 σι
759 2254 895 2343 πάθηθ’
912 2253 956 2333 eie
978 2254 1182 2339 ὑπεραλγῶ,

275 2359 427 2436 Quocirca
455 2363 642 2437 novissimae
664 2382 806 2447 quaeque
828 2382 879 2423 res
899 2359 1122 2422 divinationem
1145 2357 1246 2433 illam,
1280 2357 1331 2418 sel
1355 2375 1421 2418 οοα·

275 2475 342 2524 tum
369 2465 503 2526 maxime
533 2465 708 2544 declarant,
747 2477 782 2527 ut
811 2477 955 2529 oronnam
984 2484 1104 2526 summa
1125 2458 1419 2522 animi-intentione

277 2575 502 2645 exspectemus.
553 2569 664 2649 Itaque
691 2568 857 2648 prologus,
889 2578 1040 2648 quantum
1067 2563 1184 2630 recedit
1208 2561 1419 2644 assophoclio

276 2667 380 2746 poesi,
400 2678 521 2728 tantum
545 2669 662 2731 accedit
683 2668 721 2730 ed
735 2667 903 2750 'Euripidis
924 2667 1169 2732 similitudinem.

323 2775 327 2786 '
361 2768 527 2846 Addentur
549 2793 631 2836 nnuc
653 2774 723 2852 alia,
747 2793 827 2858 quae
845 2771 886 2835 ed
902 2773 1077 2853 argumenti
1093 2769 1332 2852 explicationem
1347 2789 1420 2850 per·

274 2872 386 2936 tinent.
430 2873 538 2956 ltaq'ue
554 2877 682 2955 lahorem
705 2879 759 2939 ubi
781 2877 1033 2939 lamentationem
1057 2877 1196 2937 mulieris
1212 2873 1419 2956 elonginquo

275 2973 384 3052 urrdiit,
407 2977 619 3041 misericordia
636 2981 668 3041 in
691 3001 812 3042 scenam
835 2979 1000 3042 adducitur
1021 2981 1127 3063 ibique
1143 2999 1214 3040 cum
1236 2997 1278 3038 ex
1297 2977 1419 3038 nutrice

268 3080 413 3161 quaerit,
442 3083 568 3164 quantis
590 3083 723 3146 miseriis
742 3083 798 3144 illa
820 3095 1001 3163 prematur,=
1026 3095 1092 3144 tum
1115 3082 1181 3162 ipsa
1205 3081 1269 3143 suis
1290 3080 1418 3140 auribus

271 3180 418 3246 ¹Medeam
435 3184 594 3246 iracundia
605 3187 764 3248 iurantem
778 3185 877 3247 audit.
921 3183 1025 3262 Quare
1040 3186 1192 3246 nutricem
1206 3184 1315 3260 mittit,
1337 3201 1418 3264 quae

271 3285 356 3346 foras
380 3283 491 3349 adtraat
513 3288 686 3368 dominam·
709 3302 754 3366 ut,
775 3291 888 3353 solatio
909 3311 949 3351 ex
971 3289 1075 3354 verbis
1096 3289 1194 3372 ipsius'
1217 3290 1339 3366 hausto,
1362 3285 1419 3348 mi·

273 3387 369 3464 tigata
396 3388 588 3453 iracundiam
613 3393 737 3452 uritrat.¹
772 3393 853 3453 Tum
884 3391 1140 3472 proditllledea.
1185 3389 1272 3467 Quae
1299 3404 1335 3451 ut
1362 3411 1418 3453 vo-

273 3490 426 3552 luntatem
449 3495 758 3577 misericordiamque
781 3493 961 3573 mulierum,
989 3497 1126 3578 quaein
1153 3493 1248 3555 choro
1269 3495 1419 3556 constite-

273 3603 363 3666 runt,
384 3593 451 3653 sibi'
466 3597 626 3674 conciliet,
647 3597 776 3674 injurias
798 3620 840 3659 ex
862 3599 918 3660 illo
941 3599 1198 3668 contumeliarum
1219 3615 1331 3678 genere
1353 3595 1418 3656 eibi

273 3693 376 3770 illatae
404 3699 564 3778 queritur,
593 3701 708 3782 quibus
739 3703 843 3763 mariti
869 3701 1056 3782 plerumque
1084 3721 1197 3767 uxores
1221 3698 1361 3762 alliciant
1387 3709 1419 3759 at

272 3797 431 3877 optionem
460 3823 526 3864 sese
557 3803 723 3871 ulciscendi
745 3804 862 3886 aperit,
893 3805 1037 3886 precibus
1063 3805 1206 3883 adjectis,
1235 3825 1273 3864 ne
1303 3803 1417 3863 chorus

271 3915 324 3964 aut
347 3901 500 3982 studium,
531 3918 586 3968 aut
614 3907 776 3970 consilium
806 3905 960 3970 vindictae
984 3905 1113 3988 prodat;
1146 3907 1172 3968 is
1196 3918 1299 3967 autem
1323 3903 1416 3965 silen-

271 4007 349 4068 tium
372 4007 546 4088 promittit,
577 4007 652 4071 dum
674 4008 850 4073 vindictam
866 4009 1006 4072 mulieris
1035 4015 1147 4088 juetam
1176 4009 1325 4089 appellat.
1376 4005 1416 4065 Et

272 4129 340 4169 cum
363 4111 421 4170 hoc
443 4112 546 4190 ipsum
568 4123 654 4191 agat,
676 4123 711 4173 ut
733 4112 875 4174 lromines
899 4109 1020 4174 consilii
1042 4113 1211 4196 participes
1232 4111 1291 4175 sibi
1314 4107 1417 4171 conci-

270 4212 343 4291 liet,
373 4211 547 4294 prudenter
572 4215 855 4277 vehementissimae
881 4215 976 4278 enimi
997 4217 1250 4300 perturbationes
1273 4213 1417 4276 dissimu-

271 4313 324 4389 lat,
346 4315 491 4396 quoniam
510 4337 620 4395 magna
639 4317 671 4378 in
694 4337 731 4382 eo
752 4318 834 4382 inest
853 4318 994 4397 facilitas,
1016 4332 1059 4397 ut,
1081 4318 1245 4382 consilium
1261 4314 1416 4380 vindictae

270 4432 471 4495 persequens,
492 4439 817 4512 quoscunquesensus
834 4420 1021 4485 dissimulet.
1063 4421 1130 4485 Nec
1151 4441 1228 4485 vero
1252 4425 1317 4497 ejus
1342 4439 1415 4481 con·
