3044 4982
92 492 212 555 tabulas
226 489 407 573 Aeschyli,
436 511 505 554 mm
526 504 599 574 post
621 495 686 569 ejus
709 503 842 559 mortem
865 508 1051 578 agerentur,
1065 517 1143 564 ‚non
1163 499 1245 566 iute-

92 615 161 676 gras
183 592 300 655 docent
321 593 447 656 relictas
469 615 547 660 esse.
588 593 699 676 ltaque
720 595 858 676 primum
880 595 1012 673 Quaerit.
1033 601 1133 671 lnstit.
1156 603 1245 670 Orat.

92 701 178 776 x‚t:
202 699 417 777 „Tragoedia-t,
438 697 553 780 inquit,
574 704 683 781 primus
699 705 729 762 rit
744 701 833 762 lucem
845 703 997 786 Aeschylus
1014 709 1139 787 protulit,
1158 711 1244 774 subii.

94 809 146 864 mis
162 814 191 864 et
216 805 316 879 gravis
336 813 363 862 et
387 803 595 886 grandiloquus
613 822 699 882 saepo
720 816 813 886 usum¹
832 806 875 866 od
900 809 1011 884 odioso,
1040 811 1092 870 scd
1117 815 1198 876 rudis
1217 820 1245 876 in

90 909 238 988 pleresque·
250 917 279 966 ct
296 909 510 985 circumpositus:
528 915 644 986 propter
666 907 743 988 quod
764 918 908 970 correctos
929 908 988 990 ojus
1002 909 1125 988 subulas
1138 920 1167 980 in
1181 917 1245 978 cci·-

91 1023 189 1072 tomen
208 1007 323 1088 deferre
348 1009 547 1088 postcrrhnhus
569 1014 657 1091 poi‘tr's
685 1009 864 1074 Atlseaieoses
891 1018 1042 1094 permisere
1067 1029 1185 1102 areaque
1210 1040 1243 1082 eo

92 1115 178 1174 modo
198 1115 282 1174 multi
300 1114 455 1172 emanat&
497 1108 590 1173 Unde
612 1112 719 1191 plures
740 1109 945 1193 Quintiliani,
966 1119 1103 1182 auctorit
1126 1121 1244 1200 gravia·

94 1216 177 1294 simi,
193 1217 253 1278 hoc
275 1233 343 1276 esse
366 1214 573 1296 consentiunt,
596 1215 717 1277 fabulas
741 1217 900 1298 Aeschyli,
923 1237 992 1280 cum
1013 1219 1040 1281 is
1062 1241 1244 1302 supremum

95 1318 178 1382 diem
199 1317 334 1394 obierit,
363 1338 382 1378 ο
403 1317 579 1394 junioribus
601 1319 704 1401 pettit
724 1332 756 1382 et
777 1319 864 1384 datas
888 1334 920 1384 et
942 1335 1077 1388 mutatas
1099 1347 1179 1404 esse,
1206 1339 1243 1392 ut

6 1433 7 1438 ’
93 1421 267 1483 limatiorea
288 1420 452 1502 aliquanto
474 1421 594 1484 facilius
623 1423 793 1503 placerent.
843 1425 878 1488 ln
908 1438 972 1508 quo
1002 1427 1037 1490 id
1065 1428 1169 1510 ipsum
1197 1443 1244 1494 est
1317 1465 1322 1474 ·

93 1524 226 1586 maximi
247 1524 401 1586 momenti
422 1535 453 1586 et
474 1523 634 1605 ponderis,
656 1523 759 1604 credo,
779 1526 866 1609 quod
880 1528 1039 1594 licentiam
1056 1533 1242 1613 corrigendi,

94 1631 132 1692 ah
151 1629 397 1692 Atheniensibus
417 1629 608 1709 permissam,
630 1643 661 1692 ct
684 1631 834 1710 latorem,
858 1634 914 1715 qui
936 1635 1107 1698 emendatis
1128 1637 1242 1703 lshulis

92 1731 233 1794 tributus
255 1732 313 1810 sit,
334 1734 421 1796 velut
442 1747 624 1812 argumenta
645 1747 877 1814 commemorat,
898 1758 916 1797 e
937 1740 1053 1820 quibus
1075 1742 1166 1821 quasi
1188 1741 1242 1804 de-

95 1833 241 1896 lormitas
257 1835 436 1917 Aeschyliae
449 1837 553 1917 pce'sis
571 1838 699 1916 eluceat,
718 1835 797 1902 adeo
820 1850 855 1900 ut
876 1841 977 1902 omnis
999 1843 1171 1904 sententiae
1192 1840 1251 1907 uis'

93 1937 127 2000 iu
150 1938 283 2001 veritate
296 1941 390 2017 hujus
411 1940 459 2002 rei
481 1939 540 2002 sita
558 1939 714 2003 rideatur.
757 1939 910 2015 Quocirca
926 1943 1165 2007 Boeckhius
1185 1946 1241 2008 hl.

93 2065 124 2123 p.
139 2047 183 2105 26
211 2045 297 2106 hunc
322 2056 434 2107 testem
463 2056 547 2106 recte
576 2042 740 2125 producit,
766 2045 823 2127 qui
852 2045 996 2126 opinioni
1023 2067 1097 2110 suae
1127 2046 1243 2113 diserte

94 2147 290 2228 suffragetur.
333 2147 456 2208 Verum
477 2145 510 2209 id
531 2147 724 2230 improbavit
744 2149 1015 2227 Hermannua,
1036 2172 1069 2231 p.
1087 2153 1165 2230 att,
1188 2151 1243 2216 ad.

95 2251 234 2315 dubitata
255 2251 390 2315 Romani
411 2251 489 2330 lide,
517 2253 573 2335 qui
604 2271 668 2314 nen
690 2253 791 2315 solum
813 2253 921 2314 unicus
945 2253 1039 2330 hujus
1060 2253 1110 2314 rei
1131 2268 1243 2318 auctor

96 2369 191 2436 essm,
222 2356 278 2420 sed
307 2357 400 2418 etiam
432 2356 618 2419 testimoniis
646 2355 781 2418 aliorum
801 2365 1002 2436 repugnaret.
1052 2355 1108 2417 Ait
1140 2358 1241 2422 enimc

95 2465 286 2546 „Quintiliano
307 2463 418 2544 quidem
441 2505 492 2524 ...
513 2483 567 2522 non
590 2463 674 2522 modo
693 2463 785 2522 nullus
805 2461 999 2542 adstipulatur
1019 2461 1092 2522 ahts
1110 2467 1241 2544 sempter,

93 2569 143 2628 scd
164 2569 284 2650 quidum
305 2577 405 2646 operto
423 2565 608 2647 repugnant.’'
662 2560 724 2624 Sed
747 2560 825 2624 duae
846 2561 1053 2638 narrationis,
1075 2583 1093 2623 a
1116 2559 1241 2637 Quinti·

95 2668 177 2729 liano
197 2669 344 2746 relictae,
375 2678 480 2748 partes
509 2665 658 2744 distingui
687 2677 836 2745 possunt,
863 2687 939 2744 una,
969 2687 1037 2728 cum
1066 2665 1240 2742 tragoedias

94 2784 165 2852 post
196 2770 318 2844 obitum
340 2768 488 2851 Aeschyli
519 2767 624 2830 doctas
645 2789 682 2829 ac
708 2768 841 2831 uictoria
869 2770 985 2832 scribat
1018 2779 1143 2830 ornatas
1165 2789 1240 2847 esee,

94 2877 210 2951 altera,
234 2895 316 2956 quae
337 2871 376 2935 ad
398 2873 601 2935 mutationem
623 2874 801 2936 labulmum
825 2875 948 2936 attinet.
1000 2873 1040 2934 Et
1061 2873 1148 2935 illam
1170 2871 1241 2954 qui·

94 2976 167 3041 dam
189 2978 356 3058 scriptores
377 2975 572 3053 confirmant,
593 2995 672 3057 quoa
696 2997 792 3057 supra
811 2978 989 3054 citavimus,
1009 2988 1045 3037 ut
1066 2975 1240 3038 Philostra-

95 3094 144 3143 tus
166 3081 201 3142 in
221 3081 292 3144 Vit.
313 3081 459 3161 Apollon.
481 3080 504 3139 l.
524 3079 547 3139 l.
569 3089 601 3139 et
621 3078 779 3158 Anonym.
800 3079 838 3161 in,
856 3077 967 3140 heach.
988 3076 1056 3137 Vit.
1108 3075 1175 3137 Nec
1195 3078 1240 3136 al-

93 3195 162 3246 tera
182 3202 259 3247 uero
277 3181 322 3244 ita
343 3191 521 3264 comparata
542 3193 607 3258 est,
640 3192 676 3243 ut
695 3180 795 3262 possit
819 3180 858 3243 ad
885 3199 993 3242 eornm
1013 3177 1167 3240 rationem
1191 3199 1241 3238 re·

92 3286 211 3365 vocari,
230 3285 288 3367 qui
307 3286 445 3362 ruunt,
465 3286 517 3349 iel
537 3284 646 3366 paucis
665 3286 811 3366 prohetas
831 3283 961 3348 testibus
974 3281 1106 3342 incertas
1125 3280 1239 3342 habere
1324 3291 1329 3298 ’

92 3392 206 3466 solent,
228 3399 397 3470 propterea
419 3385 515 3470 quod,
535 3409 608 3450 cum
628 3389 697 3468 ipsa
711 3407 770 3469 per
784 3409 816 3452 se
833 3405 1030 3471 nequaquam
1047 3383 1239 3448 incredibilis

91 3495 143 3571 sit,
165 3505 233 3554 tum
253 3511 272 3552 e
294 3490 405 3572 priori,
427 3491 455 3552 τί
474 3492 550 3552 haec
565 3488 692 3573 quidem
708 3511 784 3554 vera
800 3490 965 3569 judicatur,
988 3487 1161 3553 necessario
1181 3507 1239 3550 no·

91 3597 141 3658 bis
164 3592 307 3657 ducenda
327 3604 385 3656 est.
427 3593 509 3656 Nam
529 3595 589 3656 hoo
610 3591 735 3673 definio,
754 3594 877 3656 fabulas
896 3594 1075 3655 immutatas
1088 3591 1240 3673 antelty·

92 3699 182 3775 curgi
210 3700 310 3778 legem
336 3698 451 3758 ilerum
479 3695 566 3760 datae
593 3716 658 3758 non
685 3717 762 3759 esse.
813 3696 926 3781 Neque
952 3697 1025 3760 illos
1055 3713 1239 3776 cognoscere

91 3801 204 3884 potui,
225 3803 281 3885 qui
302 3798 499 3877 Quintiliano
525 3798 783 3880 adversarentur,
808 3801 842 3860 ni
868 3821 966 3862 unum
991 3799 1106 3880 populi
1133 3795 1240 3859 decre·

90 3917 162 3966 tum
183 3901 402 3983 intelligimus,
431 3913 556 3963 auctore
576 3899 721 3982 Lycurgo
743 3901 870 3963 factum.
912 3901 992 3964 Nem
1014 3897 1239 3963 Pseudo-Plu·

88 4009 218 4070 tarchus
238 4007 273 4067 in
293 4005 364 4069 Vir.
383 4005 416 4065 X
438 4001 536 4082 Orat,
557 4003 612 4066 ubi
633 4004 717 4082 leges
739 4002 937 4083 dinumerat,
961 4005 1076 4087 quibus
1096 4004 1148 4064 hic
1167 4020 1239 4060 ora-

90 4124 143 4176 tor
165 4109 206 4173 de
231 4109 395 4190 republica
412 4108 531 4188 optime
552 4108 683 4171 meritus
711 4107 822 4186 tuerit,
848 4131 882 4190 p.
895 4109 957 4172 348
980 4106 1081 4170 addit:
1113 4102 1240 4189 χαλκᾶς

89 4207 228 4288 εἰκόνος
254 4207 441 4282 ἀναθεῖναι
471 4213 538 4280 τοῖν
569 4212 720 4298 ποιητῶν
747 4208 920 4299 Αἰσχύλου
952 4211 1006 4276 uui
1029 4201 1239 4286 Σοφοκλέους

90 4317 145 4383 aul
166 4310 364 4402 Εὐριπίδου
394 4314 451 4382 eol
479 4305 543 4386 acic
565 4313 751 4401 τραγῳδίας
778 4308 891 4380 αὐτῶν
920 4317 958 4378 ἐν
981 4305 1081 4392 κοινῷ
1101 4317 1237 4389 γραψα-

88 4418 221 4502 μένους
243 4409 426 4499 φυλάττειν
452 4416 508 4483 uai
531 4407 591 4483 τὸν
618 4417 682 4499 τῆς
704 4410 832 4489 πόλεως
852 4407 1057 4498 γραμματέα
1080 4427 1237 4492 nuperu-

89 4538 92 4543 ’
928 4525 951 4586 3
