3086 4992
665 335 714 408 99

110 524 323 576 secernerent.
367 514 483 580 Eodem
511 519 1259 618 rsticaMeinekioaevvelckeropro·
1341 509 1350 524 ι

109 617 181 698 bstn
204 627 263 680 est.
306 617 511 682 Achillem
536 624 715 688 Athenaeus
736 627 779 690 V.
801 648 834 708 p.
857 632 920 692 189
944 632 984 693 D.
1010 635 1135 714 lsudst,
1166 661 1260 722 quem

110 719 236 784 scidas·
252 721 408 804 sequitur.
449 726 646 806 Aeropnm
676 727 752 790 citat
779 730 939 794 Plutarch.
969 733 1008 798 de
1035 737 1123 800 Glor.
1145 743 1259 806 Athen.

111 846 136 886 c.
158 827 196 888 7:
228 827 346 892 uesica
372 818 396 907 ἠ
427 823 526 900 πόλις
554 827 700 911 ἑορτάζει
724 835 777 900 καλ
804 827 894 918 όπέρ
922 833 1055 904 τοότον
1083 839 1165 910 θόει
1187 859 1259 921 τοῖς

111 935 223 1006 θοοῖς,
259 921 324 996 oris
350 927 407 995 έπλ
436 941 508 1002 ταῖς
528 926 703 1020 Αἰσχύλου
723 932 851 1014 νέναις,
876 929 899 1018 ἢ
922 937 1149 1024 Σοφοκλέους,
1178 941 1259 1014 ου’όὲ
1291 969 1297 974 ·

110 1025 165 1095 ότι
188 1028 363 1114 Καρκίνος
383 1023 536 1118 Ἀερόπη
557 1033 676 1116 συνῆν,
697 1029 876 1119 ἢἝκτορι
898 1031 1127 1124 Ἀοτοδόμας.
1171 1045 1258 1123 Ques

110 1151 291 1214 quenquam
311 1131 346 1192 in
367 1131 457 1196 libris
478 1153 572 1198 mnnu
593 1137 717 1219 scriptis
735 1150 767 1198 et
787 1140 878 1220 prelo
901 1143 1021 1206 excusis
1039 1145 1085 1208 its
1100 1149 1257 1229 leguntur,

109 1235 241 1316 plurimi
267 1247 374 1298 tsmen
401 1237 669 1318 interpretumin
700 1242 907 1322 suspicionem
937 1260 1104 1327 vocarunt,
1133 1264 1189 1314 eut
1204 1254 1256 1316 de

109 1341 208 1401 verbo
225 1341 332 1423 συνῆν
347 1339 536 1419 dubitantes,
556 1354 610 1405 sut
624 1342 664 1406 de
680 1345 1009 1427 nominetragoedine,
1030 1352 1115 1433 quod
1130 1354 1256 1418 sliunde
1294 1353 1302 1358 ’

109 1441 186 1522 ipsis
206 1459 272 1504 non
292 1444 452 1522 cognitum
473 1458 549 1509 erst.
593 1448 740 1529 Inprimis
761 1449 978 1514 Reiskium
1000 1453 1140 1533 offendit,
1163 1458 1256 1525 ἐνίκα

109 1564 167 1624 pro
189 1545 296 1630 συνῆν
315 1545 534 1626 suspicantem.
569 1550 699 1614 Porso'
716 1550 753 1612 ad
778 1551 888 1634 Eurip.
909 1555 984 1616 Hec.
1006 1557 1069 1620 533
1092 1559 1256 1624 emendare

109 1646 228 1710 voluit:
252 1641 331 1714 οοίλέ
351 1644 406 1715 ὅτε
423 1650 597 1735 Καρκίνος
617 1646 754 1738 Ἀλόπῃ
775 1650 798 1734 ἢ
819 1649 984 1738 Ἀγάθων
1003 1655 1155 1752 Ἀερόπη
1177 1658 1256 1748 erip-

107 1750 207 1834 μέρει
233 1743 258 1833 ἢ
281 1745 425 1835 Ἕκτορι
446 1749 680 1837 ῗΑοιοιλόμοις.
730 1751 821 1828 Quot
843 1767 948 1818 eutem
969 1758 1008 1822 sd
1031 1781 1146 1824 nomen
1168 1765 1256 1827 lebu-

107 1853 159 1913 lae
181 1852 309 1928 utlinet,
337 1865 375 1915 et
404 1855 486 1918 hunc
514 1867 546 1916 et
575 1855 653 1917 alios
684 1855 870 1918 emendandi
892 1872 1036 1939 cunutus,
1066 1864 1255 1930 cuicuimodi

107 1967 198 2033 sunt,
220 1955 367 2018 facillime
389 1957 504 2020 criticis
524 1957 729 2036 remittimus,
756 1959 814 2040 qui
834 1981 901 2022 rem
923 1981 983 2042 per
1004 1984 1036 2027 se
1057 1987 1254 2050 nequaquem

107 2057 342 2137 incredibilem,
374 2081 443 2122 cum
466 2073 521 2122 sut
549 2060 641 2123 unius
669 2063 772 2139 testis,
798 2075 857 2125 *sut
878 2083 1048 2145 paucorum
1068 2071 1255 2132 strctoritste

108 2165 279 2243 probetur,
301 2177 355 2225 eut
375 2166 486 2246 luisse,
510 2179 564 2228 sut
585 2167 698 2228 factem
722 2185 788 2228 esse
810 2163 1003 2246 initientur,
1031 2180 1177 2252 tanquam
1201 2193 1255 2235 ne·

108 2289 168 2350 quc
191 2290 273 2331 unus
294 2269 465 2353 quidquem
488 2270 586 2332 oculis
606 2268 729 2343 videre,
751 2270 940 2352 curribusque
961 2271 1124 2351 percipere
1145 2275 1254 2353 possit,

108 2391 176 2433 cum
198 2372 255 2434 elii
275 2373 405 2453 sileant,
436 2395 494 2437 nec
514 2374 652 2456 plurium
677 2373 808 2453 scripte,
836 2372 892 2456 qui
913 2373 1094 2438 memorium
1116 2374 1253 2452 ejusdcm

108 2475 153 2538 rei
173 2475 393 2558 reliquerunt,
421 2479 500 2541 odeo
526 2479 653 2560 penitus
675 2477 847 2551 intereunt,
880 2487 916 2536 ut
940 2496 1019 2539 unus
1041 2487 1163 2541 tuntum
1185 2471 1253 2542 enm

107 2581 144 2642 sb
174 2580 343 2644 obliuione
370 2581 482 2645 debeat
512 2581 683 2646 rindiesro.
738 2577 909 2640 Difficilior
940 2592 987 2642 est
1017 2581 1178 2662 explicatu·
1203 2585 1251 2646 vis

108 2683 196 2744 serbi
220 2683 348 2768 οονην,
378 2685 438 2746 nisi
466 2685 505 2748 de
533 2683 711 2748 certaminis
735 2683 885 2746 societate
903 2683 1101 2762 intelligitur.
1143 2685 1253 2768 ltaque

108 2785 182 2846 baec
204 2785 298 2848 unice
318 2786 548 2866 lubricosis,
570 2809 664 2871 quem
686 2790 869 2869 reportarit.
885 2787 1144 2850 -'Mentiunem
1166 2789 1259 2856 λΙο·Ι

107 2909 175 2969 pce
195 2889 385 2952 Aristoteles
410 2891 444 2952 in
466 2891 537 2953 Etb.
558 2889 681 2952 Nicon.
703 2893 775 2969 Vll,
796 2894 832 2974 7:
869 2883 925 2958 Οό
944 2883 1012 2974 reip
1032 2890 1065 2954 si
1078 2911 1137 2961 ’τις
1158 2891 1252 2976 ἰσχο-

107 2993 174 3075 ρῶν
194 2993 249 3060 καλ
271 2987 559 3078 όιτορβαλλοοοοίν
578 2985 710 3075 ἡδονῶν
731 2990 889 3074 ἡττᾶται,
910 2985 933 3074 ἢ
956 2989 1085 3064 λοιπόν,
1106 2995 1252 3071 θαυμα-

106 3085 207 3170 στόν,
231 3089 318 3161 titt
342 3089 639 3182 συγγνωμονικόν,
663 3098 693 3160 ιλ
715 3085 932 3168 όντιτοένιον,
955 3086 1066 3169 ὥσπερ
1086 3084 1107 3154 ό
1129 3091 1251 3158 Θεοδέ-

106 3217 187 3262 utcu
211 3191 419 3281 Φιλοκτήτης
441 3189 512 3263 tisri
531 3195 597 3263 cori
624 3199 721 3284 έχοως
747 3191 987 3278 πεπληγμένος
994 3236 1005 3267 ,
1037 3181 1252 3274 ἢόΚαριιί-
1327 3251 1332 3268 ,

106 3320 168 3362 νου
199 3302 237 3364 έν
272 3299 317 3384 τῇ
334 3293 472 3386 Ἀλόπη
501 3289 661 3382 Κορνόαν
690 3295 773 3359 iecit.
816 3294 865 3360 Ad
896 3309 976 3378 quse
1007 3290 1173 3372 Asperius:
1206 3285 1252 3359 ‘0

106 3397 282 3484 Καρκίνος
309 3393 464 3484 τροριιιός
490 3391 547 3484 ἦν·
586 3395 634 3467 Ὁ
662 3401 698 3468 θλ
719 3392 882 3484 Κερκύων
904 3395 970 3485 ripe
992 3394 1165 3480 θυγατέρα
1187 3391 1252 3477 τὴν

106 3495 275 3584 Ἀλόπην.
297 3496 422 3585 μαθιόν
441 3501 490 3581 di,
511 3497 564 3567 ὅτι
578 3499 767 3589 ἐμοιχεύθη
783 3495 805 3587 ἦ
822 3496 931 3568 αὐτοῦ
947 3494 1103 3582 θυγοτὴρ
1115 3489 1252 3582 Ἀλόπη,

106 3597 276 3686 ἠρώτησεν
299 3595 427 3686 αὐτὴν,
448 3605 500 3678 τίς
520 3595 566 3690 η’ν
590 3598 608 3670 o‘
629 3598 832 3694 μοιχεύσας,
854 3602 973 3685 λέγων·
995 3601 1047 3665 Et
1065 3623 1125 3682 μοι
1149 3599 1251 3665 τοῦτο

106 3696 152 3768 ἂν
169 3706 292 3783 sinoce,
314 3696 387 3772 οὐδ’
404 3705 486 3780 ὅλως
507 3700 552 3774 όν
571 3708 731 3792 λοπηθώ.
772 3705 864 3772 Εἶτα
887 3697 1051 3786 eloctione
1069 3701 1130 3782 τῆς
1148 3694 1253 3767 Ἀλό-

107 3828 177 3890 πης
204 3801 267 3875 τόν
296 3799 405 3892 αὐτὴν
432 3806 683 3899 μοιχιόοοντα,
712 3801 823 3874 odrice
854 3803 873 3872 ό
901 3800 1063 3888 Κοροόοον
1091 3795 1161 3865 ὑπό
1189 3799 1253 3885 τῆς

107 3906 221 3998 λύπης
243 3916 340 3996 έφορο
358 3909 441 3998 ζῇν,
475 3911 561 3982 cilici
582 3913 638 3980 καλ
661 3908 702 3978 τό
721 3911 781 3995 ζῇν
805 3902 998 3988 όπολέριτο.
1040 3905 1141 3966 Porro
1165 3902 1252 3961 labu-

105 4012 169 4074 lsm
184 4012 319 4094 scripsit,
340 4015 375 4076 in
391 4038 454 4099 que
469 4030 574 4098 portes
596 4015 727 4079 dederet
746 4007 985 4090 Amphiarao.
1019 4006 1252 4068 AristonPoe't·

108 4117 159 4180 17.
204 4113 306 4193 Quem
327 4116 412 4180 baud
433 4119 528 4182 dubie
549 4121 608 4180 hoc
628 4119 698 4198 ipsu
720 4113 846 4176 nomine
866 4109 1044 4189 inscripsit,
1074 4102 1159 4187 quud
1182 4105 1253 4183 plu·

107 4217 181 4279 rimi
203 4219 393 4283 comicorum
415 4221 529 4283 fabulis
550 4219 718 4296 dederunt,
742 4228 777 4278 ut
800 4210 1027 4296 Apollodorus,
1048 4203 1253 4290 Philippidels

107 4322 210 4388 Pisto.
254 4318 714 4388 Meinek.Htst.crit.1nd.
757 4313 934 4380 Medeam
956 4309 1142 4376 Ari⁸l⁰lel⁰⁸
1159 4307 1252 4372 ΒΜ·

105 4425 144 4505 ll,
161 4430 223 4489 23:
246 4422 349 4504 ἄλλος
367 4426 474 4501 τόπος
495 4419 533 4494 τό
556 4430 591 4494 έν
613 4424 680 4492 τόν
702 4413 973 4506 ἁμαρτηθέντων
994 4426 1207 4500 κατηγορεῖν,
1229 4408 1251 4496 ἢ
1287 4439 1290 4448 ‘
1384 4498 1388 4504 ι

917 4525 965 4590 qs
