3060 5000
670 317 744 383 325

135 497 344 583 ppors'ovsuc
365 495 532 559 conveniet
554 495 748 574 tragoediae,
779 495 963 577 suspiceris,
989 496 1130 563 Slbsndi
1152 512 1278 581 praeter

133 600 309 682 tragoedias
331 598 392 660 elia
414 599 551 661 carmIna
573 599 684 661 tutem.—

218 805 434 883 Thsognis.
479 807 513 864 ln
528 805 749 886 Aristophanis
764 807 1026 885 Acharnensibus,
1046 827 1114 868 cum
1133 807 1209 868 alias
1227 828 1277 870 res

134 929 286 990 perquam
310 907 521 973 incommodas
543 908 620 985 sibi,
652 921 718 972 tum
747 910 826 973 illud
856 931 959 992 nuper
978 909 1123 974 accidisse
1146 911 1278 972 Dicaeo-

133 1012 216 1093 polis
241 1012 404 1093 queritur,
435 1009 540 1095 quod,
571 1033 640 1074 cun
663 1014 809 1095 Aeschyli
836 1015 974 1076 fabulam
999 1011 1276 1078 vehementsrex·

134 1125 307 1196 spectaret,
329 1115 489 1194 Theognis
509 1115 696 1176 dionomia
718 1135 850 1178 sceneos·
861 1116 1075 1180 introduceret
1097 1119 1136 1179 9ο
1231 1117 1244 1155 ·'
1257 1162 1266 1174 ο

302 1215 375 1287 ἄλλ’
387 1212 571 1303 ὠδυνήθην
590 1226 706 1302 &spor
727 1211 774 1286 αὖ
798 1213 1022 1306 τραγῳδικὸν,
1142 1256 1145 1265 ·
1196 1263 1199 1272 =
1264 1265 1267 1272 .

219 1352 222 1361 ·
303 1315 565 1410 it'asdl'ssprlop
585 1321 778 1405 προσδοκῶν
797 1317 860 1390 οόν
881 1319 1076 1412 Αἰσχύλον,

163 1451 186 1478 ·.
215 1430 218 1438 ’
304 1416 543 1492 δ’δὀἷνοῑνοον·
562 1416 726 1510 νῖοογζόἷ
748 1425 891 1511 Θέογνι,
913 1419 974 1492 οόν
992 1421 1106 1514 χόρονε
1222 1449 1225 1455 ·

133 1523 221 1600 Quas
235 1525 412 1590 smofiasts
433 1526 476 1588 sio
493 1526 721 1608 interpretatus
744 1539 808 1590 est:
840 1527 1038 1614 &deprandi
1061 1515 1173 1605 οὗτος,
1194 1549 1277 1611 spu·

131 1628 254 1714 ypdlnr
269 1625 414 1714 ποιητής
431 1621 528 1696 πάνυ
542 1623 684 1717 ψυχρὸς,
704 1635 741 1696 ἐν
758 1631 827 1698 νῶν
840 1629 1035 1714 τριάκοντα,
1055 1627 1092 1705 ὃς
1107 1633 1161 1698 sul
1179 1630 1275 1696 Χίων

131 1731 273 1814 dls'ysso·
314 1733 424 1815 ltaque
445 1731 614 1811 Theognis,
636 1732 826 1814 quideme
847 1734 977 1812 triginta
992 1739 1276 1816 tyrsnaorum'nus

1 1841 2 1896 ἒ
132 1853 219 1895 mero
249 1833 328 1912 fuit,
364 1835 514 1915 Xenoph.
536 1835 661 1896 Hellen.
681 1836 718 1912 ll,
740 1839 778 1912 3,
810 1836 997 1914 Harpocrst.
1016 1855 1042 1896 s.
1064 1856 1094 1897 u·
1119 1834 1274 1918 Θέογνις.

92 2017 96 2024 μ
132 1936 266 2012 Λυσίας
293 1942 331 2004 ἐν
358 1939 405 2026 τῷ
432 1931 505 2004 κατ’
521 1933 807 2022 Ἐρατοσθένους.
837 1925 938 2010 οὗτος
963 1929 1078 2018 dedo
1104 1931 1273 2021 ὢνπαρ’

130 2036 337 2122 Ἀθηναίων
362 2035 546 2122 τριάκοντα
565 2039 763 2124 τυράννων,
794 2036 891 2106 rodel
912 2061 1016 2124 φασιν
1038 2035 1134 2106 ἄλλοι
1158 2063 1196 2106 οε
1216 2040 1274 2106 soi

132 2134 294 2224 Ξενοφῶν
315 2145 353 2208 ἐν
371 2140 516 2227 ,δευτέρῳ
535 2138 759 2228 Ἑλληνικῶν,
779 2141 954 2224 tragoedias
976 2143 1059 2206 fecit.
1102 2139 1164 2205 Sed
1186 2142 1274 2206 testi-

131 2241 235 2304 monia
254 2244 419 2308 vetustatis
441 2246 549 2326 paullo
568 2245 727 2326 copiosius
748 2247 987 2329 proposuimus,
1010 2257 1045 2308 ut
1066 2249 1274 2322 conjecturam

132 2347 334 2426 Mausacci,
366 2369 446 2430 quas
475 2347 590 2412 Suidae
619 2351 717 2413 verba
746 2349 890 2412 correxit.
917 2349 1112 2433 (Mausoec.
1132 2351 1208 2414 Not.
1233 2350 1273 2414 od

132 2449 315 2528 Harpocrat.
338 2451 361 2513 l.
382 2448 435 2534 1.),
453 2450 578 2515 tametsi
598 2451 667 2515 aliis
688 2452 869 2530 probatam,
892 2451 1145 2516 confirmaremus
1167 2454 1273 2536 aliquo

132 2550 238 2616 modo.
281 2549 345 2628 Qut
371 2563 444 2616 oum
472 2552 506 2614 in
537 2553 665 2616 retusiis
692 2553 907 2634 lexicographi
931 2554 1167 2634 ‚exemplaribus
1193 2576 1218 2618 s.
1240 2574 1273 2621 n.

135 2655 278 2741 Θέογνις
298 2651 593 2741 οραγφὸοοοοιηιῆς
611 2652 707 2724 πάνυ
725 2653 854 2745 ψοχρὸο
871 2658 958 2724 dacio
978 2652 1020 2735 λ’,
1040 2652 1078 2730 ὃς
1100 2657 1155 2724 sol
1179 2657 1274 2726 Χίον

132 2758 280 2842 ἐλέγετο,
307 2759 465 2839 legeretur
490 2756 588 2840 idque
610 2759 757 2824 vitiosum
781 2779 847 2824 esse
871 2760 1034 2839 sensisset,
1061 2781 1121 2842 pro
1141 2762 1224 2828 ἐτῶν
1244 2757 1271 2827 λ’

131 2859 256 2940 scripsit
285 2865 320 2926 ἐν
349 2863 418 2928 τῶν
438 2856 478 2926 λ’.
529 2856 599 2933 Qua
621 2862 814 2922 correctione
835 2882 900 2924 non
922 2865 1022 2925 solum
1046 2866 1143 2926 verbs
1163 2863 1272 2930 adas·-

130 2983 202 3023 nam
222 2960 376 3025 rationem
394 2961 565 3040 revocarit,
586 2961 641 3024 sed
664 2983 847 3050 consensum
871 2963 986 3028 Suidse
1009 2967 1156 3031 cumillo
1177 2965 1271 3027 Scho-

131 3065 221 3127 liasta
241 3066 395 3156 restituit,
416 3086 512 3148 quem
533 3086 657 3146 semper
678 3065 826 3132 debemus
844 3088 980 3130 servsrs.
1022 3068 1063 3132 Et
1082 3067 1211 3147 plurimi
1231 3066 1271 3128 ad

131 3188 198 3230 cem
211 3169 399 3230 Mausacci
415 3169 600 3231 sententiam
614 3182 819 3232 accessammt.
862 3170 1004 3233 Febris.
1021 3170 1104 3232 Bibl.
1118 3168 1174 3232 Gr.
1188 3170 1224 3229 T.
1233 3170 1270 3230 ll.

131 3273 252 3353 psas.
298 3269 488 3335 Wieland.
508 3271 549 3334 ad
571 3274 601 3334 h.
622 3275 645 3334 l.
733 3302 738 3314 ¹
790 3323 793 3332 ,
1021 3325 1025 3332 .
1172 3311 1175 3323 ·

217 3371 395 3452 castigatur
416 3385 519 3441 sutem
540 3377 791 3440 Acharnensihus
813 3373 878 3458 (01.
893 3379 946 3453 88,
961 3375 996 3461 ³)
1016 3377 1182 3458 Theognis,
1205 3387 1272 3439 tan·

132 3495 227 3558 quem
248 3481 351 3554 potita,
371 3476 430 3558 qui
450 3477 586 3542 fabulam
600 3477 759 3542 docuerit.
804 3477 883 3540 Cum
903 3477 1065 3560 Euripide,
1087 3478 1149 3542 nisi
1169 3458 1279 3554 fauori

130 3587 203 3638 ante
225 3573 277 3640 01.
297 3579 391 3655 OM
415 3581 575 3645 contendit
597 3593 706 3644 matra
727 3580 1008 3662 Nicomaclrnm,·a·
1022 3601 1088 3665 quo
1106 3589 1273 3664 superatus

132 3700 197 3741 esse
220 3677 367 3742 traditur.
407 3681 498 3748 Suid.
521 3704 547 3748 s.
569 3705 600 3747 v.
622 3680 833 3772 Νικόμαχος.
883 3687 985 3747 Porro
1014 3707 1031 3748 e
1059 3687 1272 3767 Thesmopho·

131 3783 261 3846 riazusis
290 3797 443 3865 apparet,
466 3806 506 3848 ne
534 3799 602 3850 tum
630 3785 758 3869 quidem
784 3789 906 3852 isbtdas
932 3793 997 3867 ojus
1020 3789 1054 3852 in
1080 3788 1270 3852 oblivionem

92 3951 101 3974 x
131 3887 269 3964 venisse,
292 3890 437 3950 rumille
459 3888 619 3968 tragoedia
641 3888 819 3953 docebatur.
863 3889 915 3954 01.
934 3895 987 3971 92,
1007 3897 1038 3953 4.
1082 3890 1193 3951 Procul
1216 3887 1272 3950 du·

131 3989 185 4050 bio
215 3987 345 4053 eandem
366 3990 524 4055 fortunam
547 4006 696 4075 expertus
719 4007 783 4071 est,
813 4014 876 4075 qus
897 3991 1025 4075 tyranni
1050 3997 1115 4068 ejus
1137 3991 1272 4070 collegae

132 4092 277 4173 oppressi
306 4103 396 4170 sunt,
430 4113 509 4180 quos
533 4096 661 4180 quidem
690 4097 895 4159 Athenienses
925 4093 975 4161 01.
998 4099 1050 4174 84,
1076 4102 1098 4155 4
1127 4113 1166 4157 ex
1194 4096 1273 4155 urbe

132 4200 299 4276 ejecerunt.
342 4197 538 4286 Sedparum
559 4198 678 4284 liquet,
707 4223 804 4286 quare
825 4201 998 4265 Vossius
1020 4221 1052 4280 p.
1073 4199 1115 4260 36
1136 4199 1219 4260 hrrnc
1240 4197 1273 4257 in

132 4297 323 4363 comicorum
351 4321 483 4366 numero
505 4303 666 4388 posuerit,
695 4303 756 4369 nisi
777 4303 839 4368 tale
862 4305 895 4388 id
918 4299 1064 4375 mendum
1094 4313 1159 4381 esi,
1188 4294 1273 4384 quod

131 4405 230 4471 litum
248 4405 362 4470 tollere
383 4417 529 4488 praestat.
627 4451 631 4458 -
708 4438 712 4447 ,
