3076 4998
653 371 728 442 225

104 557 225 620 senisse
244 549 385 640 (pseustin
407 553 582 647 ῥαψῳδίαν
605 557 637 632 ἐξ
658 546 823 621 ἁπάντων
845 555 911 624 ταῖν
932 555 1094 644 μέτρων),
1120 582 1184 624 non
1205 583 1255 626 eo·

104 663 171 721 lum
194 661 422 736 hexametrum,
442 679 552 723 verunt
576 657 670 721 etiam
689 657 809 720 iambos
830 680 866 720 ac
886 663 1047 724 trochaeos
1068 663 1255 742 adhibuisse,
1308 719 1312 732 .

106 761 253 846 quamvis
279 763 353 822 haec
379 761 464 822 inter
485 781 518 822 se
543 760 606 822 sint
636 759 775 839 ditersa,
804 783 906 844 neque
934 777 1113 845 opportune
1134 770 1256 848 possint

107 863 278 926 conciliari.
322 863 505 926 Aristoteles
527 863 612 925 enim
634 864 851 926 hexametrum
879 865 967 946 epico
994 867 1128 932 carmini
1146 883 1255 952 aptum

108 987 190 1041 esse,
224 965 327 1027 minus
353 978 457 1027 autem
486 966 515 1026 ei
543 977 596 1027 aut
624 966 735 1045 iambi,
768 978 821 1029 sut
843 968 981 1030 trochaei
1003 970 1067 1032 tim
1089 975 1256 1038 convenire

108 1071 214 1152 docet;
243 1069 350 1151 itaque
372 1068 547 1146 dissuadet,
570 1068 681 1152 nequis
702 1069 811 1132 cuncta
831 1083 945 1150 metra,
968 1069 1002 1135 id
1024 1085 1085 1154 est,
1101 1075 1257 1140 ,hexame-

107 1187 194 1236 trnm
216 1175 390 1236 etviambos
416 1187 448 1235 et
476 1177 651 1236 trochaeos
670 1187 800 1236 conetur
828 1180 1031 1255 conjungere,
1057 1179 1257 1259 quemadmo-

108 1277 186 1340 dum
208 1277 381 1340 Chaeremo
401 1278 521 1342 feeerit.
564 1279 652 1342 Po'e't.
674 1285 742 1344 242*
765 1275 804 1345 τὸ
819 1261 868 1346 *dl
896 1279 1025 1364 μέτρον
1049 1274 1089 1347 τό
1114 1277 1256 1367 ἡρωϊκόν

108 1377 179 1447 dud
208 1383 268 1464 τῆς
296 1381 417 1468 πείρας
445 1378 606 1467 α’]’ρμοκσνι
639 1388 670 1450 σι’
696 1381 762 1468 μσὶρ
790 1405 844 1456 τις
871 1387 908 1448 ἐν
935 1379 1023 1470 ἄλλῳ
1051 1385 1118 1450 esui
1146 1385 1256 1471 μέτρῳ

108 1478 527 1570 διηγηματιτῆνμλμρσιν
548 1499 699 1564 ποιοῖτο,
730 1480 753 1571 ἢ
782 1491 818 1554 ἐν
846 1485 1001 1564 πολλοῖς,
1034 1481 1184 1572 α’πριπέτ
1212 1484 1255 1555 ἄν

110 1587 285 1670 φαίνοιτο·
312 1579 351 1653 td
374 1582 439 1673 ydp
466 1583 608 1673 ἡρωϊκὸν
638 1587 895 1673 στασιμώτατον
925 1589 981 1654 nat
1010 1583 1255 1672 ὀγκωέέοτατσν

109 1690 176 1756 τῶν
198 1689 333 1774 μέτρων
355 1691 463 1768 ἐστὶν,
494 1685 546 1756 ded
577 1691 631 1756 καὶ
658 1685 808 1774 γλιέττας
828 1690 883 1755 ταὶ
905 1686 1102 1772 μεταφορσλς
1123 1691 1254 1780 δέχεται

108 1790 278 1876 μάλιστα·
314 1786 452 1874 περιττή
476 1786 541 1875 γάρ
565 1791 621 1857 καλ
643 1785 665 1875 ἦ
692 1784 918 1876 deproperent*
938 1789 1082 1874 μίμησις
1104 1795 1171 1858 τῶν
1193 1794 1254 1860 ἅλ-

108 1899 186 1963 tue.
207 1889 248 1960 τό
272 1892 308 1960 dl
330 1885 496 1977 ἰαμβικὸν
518 1893 573 1958 soi
595 1891 827 1978 τετράμετρον
846 1883 1023 1974 ravenel,
1045 1886 1084 1960 τέ
1106 1897 1173 1978 μέν
1195 1888 1254 1979 ὄρ-

107 1989 289 2084 χρστικέν,
321 1986 360 2060 ed
383 1993 418 2061 di
438 1992 636 2078 πρακτικόν·
665 1998 715 2062 σ”τι
742 1992 776 2060 δὲ
801 1989 1033 2077 ἀτοπώτερον,
1062 1997 1093 2062 εἰ
1112 1995 1254 2080 μιγνύσι

108 2125 161 2176 τις
184 2091 294 2175 αὖτέ,
320 2093 430 2181 ὥσπερ
452 2093 654 2182 Χαιρήμων.
701 2097 767 2160 Ubi
795 2094 834 2158 de
862 2096 1061 2177 copulatione
1081 2107 1254 2162 metrorum

108 2202 263 2286 loquitur,
285 2222 366 2284 quse
386 2200 450 2263 sint
472 2199 595 2263 diversa
614 2212 735 2277 natura,
757 2220 889 2283 eantque
908 2201 1047 2281 ineptum
1064 2204 1254 2282 conjunctio-

107 2325 181 2366 nent
198 2303 406 2366 chaeremoni
426 2303 573 2382 assignat.
615 2301 708 2366 Unde
728 2302 840 2365 infelix
859 2300 939 2363 illud
959 2301 1124 2364 artificium
1141 2324 1255 2384 cogno·
1319 2316 1323 2326 '

108 2411 216 2488 scitur,
241 2409 326 2492 quod
347 2406 470 2490 saepius
493 2406 767 2489 deprehendimus,
796 2406 1032 2490 quibuscunque
1054 2410 1255 2486 ornamentis,

109 2513 253 2598 quamvis
284 2497 409 2576 diversa
437 2530 547 2574 eorum
574 2509 697 2573 indoles
723 2508 885 2587 videatur,
914 2527 1011 2590 opera
1032 2507 1254 2589 distinguendi.

108 2617 228 2680 Eodem
256 2618 333 2680 artis
354 2615 460 2678 studio'
480 2616 515 2677 in
542 2613 732 2695 tragoediam
755 2612 912 2690 traduxit,
943 2611 1097 2696 quidquid
1119 2613 1255 2675 levitatis

108 2735 203 2806 atque
234 2718 402 2782 celeritatis
432 2719 555 2780 numeri
584 2715 694 2779 comici
723 2718 839 2778 habere
870 2715 1024 2778 solebant.
1071 2714 1140 2780 Nos
1162 2715 1255 2792 enim,

109 2823 280 2888 dnmmodo
302 2823 459 2902 vulgatam
480 2823 621 2883 locorum
645 2819 833 2901 scripturam
853 2837 1028 2895 servenme,
1046 2837 1254 2900 nequaquam

108 2927 281 3010 specimina
302 2924 524 2999 desideramus,
544 2924 583 2984 ab
604 2922 660 2982 illa
677 2920 830 2999 elegantia
845 2919 1023 2995 remotiora,
1047 2939 1141 3000 quam
1155 2919 1255 2984 Chae·
1296 2941 1297 2944 ’

106 3031 232 3093 remoni
264 3028 400 3094 vindieat
431 3024 660 3088 Meinekius
688 3025 771 3085 Hist.
800 3021 881 3084 crit.
906 3043 939 3100 p.
962 3022 1035 3082 520.
1096 3020 1256 3102 Saepenu-

108 3155 197 3200 mero
220 3133 395 3196 invenimus
417 3131 627 3207 tribrachum,
654 3139 691 3190 nt
713 3149 764 3209 ap.
785 3127 900 3188 Athen.
922 3122 1008 3184 Xlll.
1033 3144 1065 3204 p.
1088 3126 1168 3186 562:

239 3238 345 3313 εἶναι,
367 3247 488 3302 πονεῖν
510 3257 546 3300 τι
568 3231 780 3317 δυναμένους
800 3242 869 3302 τοῖς
889 3224 1043 3310 σώμασιν

238 3335 407 3425 μάλιστα,
429 3327 663 3424 πρσοσὸριύιιν
684 3331 713 3400 τ’
728 3325 885 3419 doloresit
905 3328 950 3419 τῷ
974 3324 1085 3414 πόθῳ.

106 3441 190 3508 Ibid.
210 3463 244 3525 p.
266 3443 347 3504 608:
758 3451 759 3456 ’

239 3544 406 3628 φαίνουσα
428 3539 562 3624 μαστὸν
584 3537 767 3624 λελυμένης
787 3533 969 3622 ἐπωμίδος.
993 3573 997 3578 =

239 3639 440 3728 ὑπνωμέναι
457 3638 493 3720 ,δ’
505 3647 655 3709 ἔπιπτον
676 3639 813 3708 elautae
833 3638 902 3706 έπέ.

237 3749 374 3834 Πέρσης
396 3747 432 3814 dl
453 3739 601 3827 θαλερὸς
621 3745 792 3826 ἐκτραφεὶς
811 3738 998 3826 etatem.
1094 3751 1097 3758 '

240 3852 380 3936 λειμῶσι
400 3852 564 3932 μαλακοῖς
585 3844 748 3922 ἐξέτειναν
769 3835 926 3932 αὐχένας.

189 3983 194 3992 ·
239 3951 350 4040 εἶχον,
370 3942 651 4036 τιθήνημ’-ἔαρος
672 3945 953 4032 έτπρσπέοταιτον.
981 3993 984 4002 .
1062 3975 1098 4006 1.

109 4070 200 4135 Stob.
222 4069 323 4133 Serm.
347 4073 427 4132 198:
501 4107 503 4112 .
772 4059 775 4066 ¹
859 4056 863 4064 ’
917 4079 920 4086 ’

239 4165 375 4256 γένοιτό
396 4195 457 4254 μοι
478 4160 540 4241 coit·
561 4160 702 4254 χάριτας
724 4158 918 4231 ἀποδοῦναι
940 4156 1056 4242 πατρί.

109 4273 284 4358 Anapaesti
305 4274 442 4356 primum
469 4281 642 4336 metrorum
665 4263 776 4348 pedem
799 4263 938 4327 efficiunt
964 4280 1015 4342 ep.
1037 4255 1153 4319 Athen.
1174 4252 1258 4316 Xlll.

108 4402 144 4462 p.
166 4382 251 4448 6081:
715 4437 719 4442 .
796 4397 799 4402 ·

242 4478 403 4568 ἐρύθημα
426 4476 569 4568 λαμπρῷ
594 4479 815 4562 προστιθεῖσα
837 4462 999 4559 χρώματι.

934 4582 975 4643 15
