3072 5012
303 312 378 386 128
435 303 443 318 “

301 497 404 564 winus
438 493 551 563 deleot.
579 501 676 585 poett.
708 491 793 560 meIl.
816 515 846 584 p.
864 493 928 560 375
950 516 997 586 sq.
1029 505 1061 563 et
1087 495 1153 564 Ind.
1181 495 1288 566 SehoI.
1316 495 1435 584 Gottinp

303 606 386 688 183}
398 625 427 694 p.
444 603 475 669 5.
519 601 626 668 Patria
642 598 953 668 IuitHermionensis
976 603 1034 670 sed
1056 604 1193 672 multum
1214 607 1299 672 vitae
1320 603 1437 694 spatium

300 718 517 778 commoratus
544 706 672 775 videtur
701 705 841 774 Athenis.
864 745 907 780 -,-
927 705 1018 776 Alius
1041 709 1162 801 Cydias
1190 717 1438 780 commemoratur

300 815 385 906 apud
406 813 569 884 Eubtdum
590 811 704 880 Athen.
726 811 809 898 XIII,
831 814 937 906 p538
959 815 994 882 F.

530 914 686 998 Ἑλλάδος
708 917 808 1005 ἕχιοχι
831 923 888 1000 τῆς
908 917 1121 1008 ταλαιπώρου
1143 927 1226 1001 ςίνιο

527 1023 580 1094 Ἣ
599 1025 731 1094 Κυδίαν
752 1021 919 1114 ναύαρχον
939 1028 1158 1116 ἐξεπέμψατο.

298 1135 364 1204 cfr.
386 1133 554 1204 Ruhnken.
582 1133 653 1201 hist.
678 1135 745 1200 crit.
769 1144 847 1200 orat.
870 1157 900 1225 p.
912 1133 1063 1204 LXXIV.
1099 1135 1236 1206 Meinet.
1260 1138 1383 1205 Comm.
1402 1133 1438 1215 III,

296 1268 327 1334 p.
340 1244 413 1312 238.
434 1281 477 1292 -
498 1241 627 1310 Tertius
649 1239 816 1330 Herophili
839 1250 894 1308 aut
909 1240 990 1310 filius
1007 1253 1062 1311 aut
1074 1243 1259 1336 discipulus,
1282 1243 1441 1333 Mylassen-

297 1352 341 1416 sis
364 1373 413 1439 ap.
436 1348 625 1415 Erotianum
645 1345 795 1414 iaudatur
815 1371 846 1436 p.
863 1349 938 1414 192:
971 1351 1004 1416 οἱ
1026 1351 1062 1416 δὲ
1090 1355 1164 1438 napi
1189 1347 1381 1438 Ἰσχόμαχον
1399 1349 1441 1414 καί

299 1455 434 1522 Κυόίαν
455 1453 515 1520 τόν
538 1454 704 1522 Μυλαοία
732 1451 888 1543 ἔχραψαν
919 1456 1052 1546 ἴκμαρ.
1097 1459 1207 1524 αἴτιον
1235 1459 1272 1524 δὲ
1300 1451 1441 1532 τοίτουὴ

298 1563 357 1642 τῆς
375 1561 488 1643 λέξεως
508 1556 639 1648 όίχνοια.
690 1559 807 1652 Neque
827 1559 914 1630 hunc
936 1563 1045 1631 Iocum
1067 1567 1173 1632 omisit
1196 1563 1280 1632 God.
1303 1565 1441 1632 Herman-

298 1693 359 1736 nus
381 1669 455 1736 diss.
478 1668 518 1736 de
540 1666 693 1758 Aeschyli
714 1665 891 1758 Lycurgia:
917 1692 948 1759 p.
974 1671 1022 1736 14.
1068 1673 1118 1738 Ad
1150 1673 1293 1740 eundem
1315 1672 1442 1761 (lydiam,

297 1775 532 1865 Mylassensem
560 1773 772 1866 Lysimachus
801 1773 889 1840 Cous
916 1786 981 1842 tres
1016 1779 1207 1869 conscn‘psit
1234 1779 1351 1861 libros,
1378 1786 1442 1844 teste

298 1883 414 1951 eodem
434 1881 588 1952 Erotiano
611 1905 641 1972 p.
663 1884 711 1948 10.
744 1875 827 1969 πρός
850 1903 882 1946 τι
905 1879 1035 1962 τούτοις
1055 1881 1256 1972 Λυσιμάχου
1279 1886 1340 1954 τοῦ
1363 1879 1443 1952 Κόου

297 1992 355 2059 καὶ
377 1985 511 2073 βιβλίον
532 1983 788 2069 ιίςιτονὴσαντος
811 1987 1052 2078 πραχματιίαν,
1072 1991 1158 2076 μιτόι
1178 1992 1217 2058 τὸ
1239 1993 1283 2060 τοί
1307 1995 1379 2082 τρία
1397 1993 1443 2076 μίν

298 2091 428 2184 χρόψαι
449 2093 531 2184 ιιρός
557 2092 689 2161 Κυδίαν
710 2095 770 2162 τὸν
788 2090 1009 2184 Ἡροφίλειον.
1032 2137 1075 2148 -
1096 2097 1213 2190 Neque
1228 2098 1365 2169 Lusiani
1379 2109 1443 2165 tem-

298 2203 429 2294 poribus
452 2202 576 2292 Cydias
597 2225 717 2270 nomen
744 2203 876 2287 inten'it;
906 2207 1046 2296 carpitur
1073 2206 1158 2274 enim
1178 2207 1303 2296 Cydias
1325 2205 1443 2298 quidam,

299 2308 474 2378 admodum
496 2310 585 2376 dives
613 2308 726 2391 homo,
756 2309 851 2378 Tom.
873 2310 908 2394 11,
931 2335 962 2402 p.
980 2314 1045 2380 888
1072 2313 1135 2397 (sd.
1157 2312 1333 2406 Henricop.
1352 2303 1443 2400 'tolet

300 2416 424 2505 Cydiae
446 2417 625 2505 fragmenta
648 2425 822 2507 supersunt
844 2419 912 2486 tria.
954 2418 1019 2487 cfr.
1042 2415 1159 2510 Bergk.
1183 2418 1281 2489 PLG.
1305 2444 1336 2512 p.
1348 2419 1412 2486 837.

625 2735 817 2827 Τηλίπορόν
839 2761 870 2804 τι
888 2735 1006 2827 βόαμα
1028 2737 1138 2829 λύρας.

298 2807 490 2912 Schotnr.
522 2841 741 2920 Νιι61ν.968.
782 2844 821 2912 τό
849 2845 885 2912 δὲ
919 2843 1147 2935 τηλέπορόν
1176 2843 1214 2910 τί
1243 2844 1381 2935 βόαμα
1407 2839 1441 2927 sd

297 2945 561 3036 οὑρίσκεσθαι“
549 2940 629 3016 ότου
661 2949 738 3020 πότ’
774 2953 874 3022 ἐστίν.
918 2955 954 3020 ἐν
990 2953 1053 3044 γὰρ
1083 2950 1329 3080 όιτοσαόοματι
1358 2947 1443 3036 soom

294 3052 570 3142 Ἀριστοφάνη
555 3081 590 3122 ιν
612 3059 651 3150 τῇ
673 3058 896 3152 βιβλιοθήκη·
921 3067 1005 3138 τινὲς
1025 3062 1062 3126 δι’
1084 3085 1191 3147 (passv
1211 3059 1297 3128 αὐτο
1287 3055 1443 3129 Κυὸίὸθϋ

298 3162 378 3252 (leg
411 3161 959 3310 Κυδίου.Βοι·.ιι1])Ἕρμιον1υς·.
994 3167 1225 3320 τηλέπορόν
1257 3194 1296 3236 τι
1326 3170 1441 3254 βόαμα

297 3265 445 3355 λύρας.
947 3322 950 3331 .

382 3480 466 3548 Plut.
501 3483 542 3550 de
576 3483 696 3551 facie
688 3507 721 3551 m
750 3485 826 3552 orbe
853 3433 977 3568 Lunae,
1004 3507 1031 3554 c.
1064 3490 1111 3554 18.
1154 3483 1187 3553 ιί
1216 3489 1259 3572 δὴ
1288 3515 1342 3578 μη
1367 3487 1441 3553 θέοι

298 3607 396 3664 ουτος
418 3585 476 3650 τόν
499 3587 700 3675 Μίμνερμον
721 3587 832 3676 ἐμοίξιι
854 3595 911 3658 κοιλ
941 3593 1001 3659 τόν
1026 3593 1159 3659 Κυδίαν
1180 3621 1239 3666 και
1266 3599 1326 3665 τὸν
1344 3586 1441 3678 Ἀρχὶ

297 3693 411 3778 λόχον,
446 3691 528 3782 πρὸς
556 3695 590 3758 δὲ
622 3693 750 3774 τούτοις
778 3698 985 3787 Στησίχορον
1017 3704 1075 3765 καὶ
1110 3701 1171 3767 τόν
1199 3702 1387 3792 Πίνδαρον,
1414 3697 1440 3760 ἐν

297 3804 371 3878 ταῖς
403 3800 590 3887 ἐκλείψεσιν
623 3797 889 3893 ὀλοφυρομένους
925 3806 983 3872 τὸν
1013 3809 1251 3896 ψανιροίτατον
1284 3805 1439 3891 κλινιτόμι·

298 3929 357 3973 νον
377 3911 435 3974 καὶ
461 3910 551 4000 μέσῳ
578 3905 695 3994 ἰίματι·
713 3912 810 4004 (vulg.
843 3906 915 3999 ίίμα
940 3917 1013 3998 τὴν)
1048 3914 1150 3982 νύκτα
1177 3920 1368 4002 γινομένην,
1395 3909 1438 3978 καὶ

298 4012 359 4095 τὴν
381 4012 499 4082 όκτίνοι
523 4015 582 4082 τοῦ
603 4013 700 4097 ἡλίου
722 4016 859 4097 σκότους
884 4015 1038 4108 ἀτραπόν
1060 4074 1066 4087 .
1091 4074 1097 4086 .
1123 4075 1129 4088 .
1153 4075 1159 4088 .
1183 4019 1379 4109 φάσκοντας.

867 4151 893 4193 ο.

383 4229 477 4296 Plato
501 4229 663 4299 Channid.
686 4255 716 4322 p.
736 4233 797 4298 155
812 4231 853 4299 D.
884 4232 1071 4320 ἐψλιγόμην
1092 4238 1148 4302 καὶ
1170 4231 1277 4302 οὐκέτ’
1301 4240 1335 4303 ἐν
1354 4238 1437 4322 ἐμαυ·

299 4331 359 4398 τοῦ
388 4335 493 4426 (vulg.
522 4337 671 4427 ἐμαυτῷ)
709 4325 751 4420 ἦν
780 4342 838 4406 καὶ
870 4335 1012 4426 ἐνόμισα
1044 4339 1245 4431 σοψοίτατον
1276 4334 1359 4412 εἶναι
1392 4337 1438 4404 un
