3076 4998
392 611 481 683 οὕτω
502 615 537 682 δὲ
561 605 695 702 πρῶτον
713 617 832 694 οίσμαι
855 611 968 680 πεῖσαί
990 637 1069 680 τινα

392 709 547 802 θνηυοάς
567 714 723 798 νομίζειν
745 710 918 796 δαιμόνων
940 713 1028 782 εἶναι
1049 713 1158 799 γένος.

264 817 327 882 Sed
342 821 424 882 hssnc
437 823 541 884 locum
556 819 692 900 scriptor
709 816 810 880 libelli
827 815 867 880 de
884 817 1007 898 placitis
1023 818 1295 899 philosophorum,
1316 841 1414 902 quem

264 924 433 986 Plutarcho
466 925 624 1001 tribuere,
657 923 925 1003 Wyttenbach.
956 919 996 982 ad
1026 921 1112 984 Plut.
1142 922 1258 984 Morel.
1289 925 1369 986 Vol.
1389 926 1415 988 t.

266 1048 300 1108 p.
322 1025 466 1106 CXVIII,
495 1027 613 1102 solent,
643 1043 715 1086 ccam
738 1024 854 1104 partlm
875 1021 915 1084 ad
940 1026 1070 1094 verbum
1093 1023 1266 1105 exprimat,
1294 1027 1413 1108 partim

267 1130 453 1194 sententiam
472 1134 536 1208 ejus
554 1129 674 1192 conciso
691 1141 859 1209 proponet,
880 1127 1026 1209 Euripidi
1046 1127 1194 1206 viodicat,
1216 1128 1413 1192 nobilissiuro

265 1244 393 1317 poetae,
421 1234 492 1318 qui,
521 1253 602 1316 quae
616 1231 697 1312 ipse
719 1232 883 1312 Areopagi·
901 1243 990 1294 metu
1010 1251 1074 1294 non
1101 1251 1193 1297 ausus
1214 1231 1311 1294 fuerit
1338 1252 1414 1295 con-

265 1336 412 1414 tendere,
432 1357 469 1396 ea
490 1333 661 1416 Sisyphum
685 1333 794 1396 lecerit
816 1334 875 1396 tali
896 1333 990 1398 modo
1015 1334 1238 1398 enuntiantem.
1280 1335 1363 1398 Nam
1385 1336 1413 1398 is

265 1440 292 1516 1,
311 1441 350 1501 7:
382 1437 438 1505 uel
464 1433 675 1520 Εὐριπίδης,
696 1428 714 1502 o‘
737 1433 1019 1522 τραγῳδιοποιὸς,
1038 1436 1158 1518 inquit,
1182 1430 1413 1523 ἀποκαλύψει·
1511 1456 1516 1465 ·

267 1549 353 1610 σθαι
378 1545 446 1626 μὲν
473 1533 539 1610 οὖν
566 1534 713 1624 ἠθέλησε
744 1533 797 1624 (τὸ
818 1532 869 1625 μη
890 1540 979 1608 εἶναι
1003 1538 1141 1624 θεοὺς),
1174 1536 1327 1614 δεδοιεάς
1349 1537 1413 1607 edo

261 1643 401 1732 Ἀρειον
424 1641 550 1728 πάγον,
570 1641 711 1726 δνίφηνε
731 1640 767 1708 δὲ
789 1641 916 1710 votivos!
936 1638 997 1715 ιόν
1019 1635 1160 1723 πρόπαν.
1181 1638 1244 1710 νίν
1264 1637 1331 1729 γάρ
1350 1643 1412 1708 Σί-

265 1771 374 1834 συφον
397 1742 555 1832 εἰσήγαγε
577 1735 775 1830 προοεάεην
794 1737 925 1831 ταύτης
947 1747 1008 1831 τῆς
1028 1739 1147 1831 δόξης,
1180 1744 1237 1814 ναί
1264 1738 1412 1829 συνηγό-

266 1875 381 1934 ρευσεν
403 1844 511 1917 assos
533 1841 644 1934 ταύτῃ
666 1848 709 1933 τῇ
729 1840 867 1934 γνώμη·

306 1977 351 2036 ην
369 1946 435 2037 γάρ
456 1945 575 2039 χρόνος
596 1947 744 2034 (φησίν),
766 1943 975 2026 ὅτ’ἀεαασσς
995 1939 1042 2034 ἦν
1064 1939 1257 2034 ἀνδρείπαν
1276 1947 1356 2036 βίος

306 2056 363 2122 ναὶ
386 2049 558 2140 θηριώδης
579 2043 692 2140 ἰσχύος
714 2044 751 2116 θ’
766 2046 952 2136 ἀπηρίυης.

265 2151 385 2224 ίπειτά
408 2179 488 2240 φησι
505 2147 570 2240 τήν
587 2148 739 2236 ἀνομίαν
761 2156 912 2235 λυθῆναι
932 2149 1050 2239 νόμον
1065 2158 1240 2244 εἰσαγωγῇ.
1259 2157 1331 2224 ἐπεὶ
1345 2149 1411 2241 γάρ

186 2327 189 2334 ,
266 2255 285 2326 ὁ
304 2257 412 2344 νόμος
432 2250 474 2324 σά
498 2252 624 2342 φανεροί
644 2255 712 2322 τάν
734 2249 953 2341 ἀδικημάτων
974 2259 1099 2342 εἴργειν
1119 2255 1278 2343 ἐδύνασο,
1297 2260 1410 2341 νρύφυ

265 2387 302 2429 τε
323 2359 461 2448 ἠδίκουν
484 2360 621 2438 πολλοί,
650 2354 729 2426 τότε
759 2383 810 2434 εις
836 2354 941 2445 σοηὸς
964 2353 1050 2445 ἀνηρ
1069 2359 1269 2443 ἐπίστησον,
1301 2353 1344 2433 ἀς
1363 2357 1413 2424 δεῖ

264 2458 317 2530 ἀεί
344 2461 460 2548 ψευδεῖ
488 2454 573 2548 λόγῳ
602 2462 775 2546 συφλάσαι
804 2455 868 2545 την
899 2455 1070 2546 ἀληθειαν
1099 2462 1156 2531 ναί
1188 2475 1298 2532 πεῖσαι
1326 2455 1408 2534 εοίε

265 2562 488 2650 ἀνθρώπους·

391 2658 434 2738 ἀς
455 2669 524 2732 ε’ὀει
546 2661 677 2748 δαίμων
699 2656 839 2752 ἀφθίτῳ
861 2660 1002 2750 θάλλων
1021 2664 1112 2752 stip,

394 2765 431 2842 ὃς
452 2761 549 2834 ταῦτ’
562 2763 678 2834 elaeodes
698 2768 755 2837 ναί
777 2768 901 2854 βλέπει
922 2781 1040 2854 φρονεῖ
1058 2763 1088 2834 α’
1104 2762 1204 2854 ἀγαν.

264 2874 351 2953 Quae
373 2872 441 2954 ipsa
461 2870 613 2934 Eusebius
633 2872 816 2952 Praeparat.
837 2871 955 2952 Evaug.
972 2872 1061 2948 XIV,
1083 2876 1126 2934 16
1146 2874 1251 2952 hebet,
1271 2885 1316 2952 ut,
1339 2895 1409 2936 cum

266 2981 356 3042 umbo
377 2973 564 3040 mirabiliter
589 2975 790 3056 >conspirent,
818 2978 857 3038 ab
886 2996 948 3038 uno
972 2977 1048 3038 haec
1073 2975 1268 3041 adulterum
1295 2998 1409 3059 perve-
1494 2975 1501 2994 ‘

263 3082 345 3144 nisse
368 3079 603 3162 eodemqueex
626 3077 718 3140 fonte
747 3078 874 3142 fluxisse
902 3077 1080 3145 videantur.
1121 3079 1235 3164 Neque
1256 3082 1351 3143 aliter
1372 3081 1408 3144 de

262 3186 357 3250 tertio
378 3183 568 3263 judicamus,
597 3181 654 3265 qui
674 3181 709 3244 in
730 3183 861 3245 historie
884 3183 1162 3264 philosophorum,
1193 3204 1274 3264 quae
1299 3185 1409 3248 Galeri

263 3309 327 3352 uon
350 3299 412 3365 est,
437 3292 523 3364 cujus
544 3287 640 3365 vulgo
662 3297 809 3366 putatur,
832 3282 871 3346 de
893 3283 1202 3346 Pseudo-Plutarchi
1221 3286 1305 3348 libro
1326 3307 1409 3348 com·

262 3402 402 3454 mentum
430 3389 612 3470 exscripsit,
645 3387 732 3471 quod
759 3388 814 3448 ille
843 3386 951 3465 finxit,
983 3387 1129 3469 Euripidi
1154 3387 1326 3472 Sisyphum
1353 3390 1408 3451 tri·

262 3495 373 3556 bueus.
416 3492 465 3555 ct
488 3492 565 3574 Cap.
588 3496 619 3554 8.
662 3488 766 3568 Quare
790 3495 857 3569 jem¹
873 3493 908 3554 P.
931 3491 1094 3569 Potitus,
1121 3503 1157 3554 ut
1184 3490 1407 3556 distensionem

263 3597 398 3673 tolleret,
418 3594 451 3654 in
472 3616 537 3677 qua
557 3595 592 3655 hi
613 3606 707 3656 testes
730 3608 841 3656 contra
862 3593 992 3656 Sextum
1012 3595 1207 3676 Empiricum
1228 3594 1406 3676 persistunt,

261 3700 366 3762 Iocum
386 3698 478 3775 hujus
500 3709 682 3777 corruptum
705 3696 913 3774 existimavit,
939 3717 1010 3758 cum
1032 3698 1226 3776 fragmento,
1252 3715 1316 3779 quo
1338 3694 1409 3758 Cri·
1523 3765 1524 3778 ρ

262 3801 321 3864 tius
342 3819 405 3862 non
429 3820 494 3861 esse
520 3797 595 3862 deos
615 3797 780 3878 docuisset,
806 3813 837 3862 et
859 3800 985 3862 nomine
1005 3798 1167 3880 Euripidis
1191 3800 1316 3878 omisso,
1337 3821 1407 3863 ver·
1523 3851 1524 3890 ,

261 3925 313 3968 sus
334 3903 521 3968 nobilissimi
542 3905 695 3986 principie
716 3902 757 3966 ad
783 3925 899 3968 nomen
920 3904 1047 3987 tyranni
1070 3917 1173 3968 essent
1193 3904 1294 3968 relati.
1346 3901 1406 3966 Sed

262 4007 421 4070 Grotius
444 4009 593 4090 Excerpt.
613 4027 647 4088 p.
667 4009 733 4068 402
764 4027 833 4068 eam
862 4008 986 4071 fabulae
1014 4007 1200 4088 perticulam
1226 4007 1259 4068 in
1280 4005 1407 4086 Euripi·

262 4108 311 4172 dis
342 4111 667 4190 fragmenta-retulit.
696 4108 820 4186 »Quem
850 4111 1056 4174 Barnesius
1085 4123 1207 4174 secutus
1232 4123 1297 4187 est,
1330 4130 1406 4194 quo·

261 4213 344 4274 niam
367 4235 408 4276 ex
429 4235 504 4278 voce
528 4207 660 4300 μύδρος
680 4211 856 4284 auditorem
878 4209 1092 4295 Ausuagoras,
1112 4215 1246 4292 Diogen.
1267 4211 1357 4292 L.11,
1379 4217 1406 4290 8,

263 4317 390 4394 agnovit
424 4316 520 4400 idque
550 4317 584 4378 in
617 4316 801 4398 Euripidem
840 4319 973 4401 optime⁴
999 4315 1109 4380 eadere
1145 4317 1316 4378 arbitratus
1352 4329 1406 4378 est.

264 4415 357 4494 Quod
382 4431 599 4500 argumentum
622 4439 754 4504 quaeso,
779 4443 873 4508 quam
893 4424 1161 4506 leve,·qusmq,uo
1181 4431 1299 4482 temere
1319 4416 1406 4480 adhi-
