3086 4992
650 315 697 388 63

104 500 193 578 dem,
224 519 351 580 exque
372 517 497 562 versum
527 519 578 584 ap.
602 499 785 580 Harpocran
806 521 831 563 s.
857 520 886 564 v.
906 497 1114 588 γρυπόνιον,
1147 507 1250 590 Etym.

104 607 212 682 Magn.
233 622 260 664 s.
275 623 305 666 v.
328 604 554 687 ypouoriodue,
576 603 664 666 Suid.
678 625 703 666 s.
715 626 745 668 r.
762 605 972 690 γρυπαίνειν,
994 609 1112 670 Zonar.
1133 631 1164 690 p.
1176 615 1250 674 456.

104 702 298 789 legimus.²),
318 703 351 763 in
374 721 439 784 quo
463 705 587 767 numeri·
606 707 778 770 hexametri
801 718 932 788 possunt
953 710 1087 788 agnosci.
1130 711 1250 774 Verum

107 809 189 870 enim
216 807 315 868 ceteri
340 806 509 886 scriptores
539 807 723 887 Atthidum,
752 807 791 872 de
821 810 936 892 quibus
964 813 982 872 J
990 813 1129 874 ousius
1150 815 1190 876 H.
1214 819 1251 878 P.

106 914 142 990 ll,
165 914 243 988 9,1.
267 909 349 988 egit,
378 909 479 970 multo
500 911 682 973 recentioris
704 913 813 976 aetatis
835 914 980 991 fuerunt,
1010 926 1045 975 ut
1071 919 1139 991 jure
1160 916 1251 979 dubi·

107 1027 208 1076 temus
236 1013 331 1074 talem
354 1012 506 1077 historian
533 1010 572 1074 ed
597 1015 747 1094 tragicum
778 1015 905 1077 referre.
949 1017 1028 1077 ltem
1057 1018 1137 1080 elius
1158 1022 1251 1084 homo

106 1115 302 1196 cognominis
323 1115 440 1177 librum
462 1114 501 1178 de
523 1118 679 1198 mysteriis
700 1119 835 1201 scripsit.
857 1119 971 1180 Athen.
990 1119 1060 1180 Vll.
1082 1141 1114 1200 p.
1127 1123 1190 1186 325
1213 1122 1249 1184 C.

106 1219 213 1282 Schol.
234 1217 274 1280 sd
296 1219 356 1282 Ar.
379 1220 481 1296 1073,
501 1220 583 1281 Plut.
600 1222 674 1281 846.
697 1222 747 1282 De
769 1241 834 1303 quo
855 1219 1033 1284 discrimine
1055 1222 1172 1285 faciunt
1193 1245 1251 1287 no·

108 1322 227 1386 hiscum
249 1322 422 1385 Vossius
445 1334 476 1384 et
495 1322 728 1388 Fabricius.

190 1426 403 1489 subtilissimo
433 1425 629 1508 maximeque
660 1427 760 1490 laceto
786 1430 931 1509 leporum
957 1448 1070 1508 genere
1091 1429 1249 1512 Trygeeus

105 1531 328 1612 Aristophanis
352 1531 424 1590 Pac.
445 1531 530 1592 1009
551 1531 759 1594 Melambium
783 1530 900 1612 carpit:

491 1625 578 1718 ιιᾷτα
601 1632 804 1704 Μελάνθιον
825 1689 836 1700 .

319 1727 897 1820 ἥωὼψώψψώ

318 1827 381 1908 cair
401 1832 436 1902 δὲ
457 1836 679 1918 πεπρᾶσθαι,
699 1828 790 1902 τόνδ’
805 1829 993 1916 ὀτοτύζειν·

321 1938 394 2006 εἶτα
415 1936 578 2024 μονῳδεῖν
598 1942 633 2004 ει
656 1937 827 2022 Μηδείας,

319 2037 468 2127 ὀλόμαν,
488 2033 641 2124 ὀλόμαν,
661 2031 898 2127 ὀαοχηροιθιίς
992 2049 1000 2058 ’

319 2147 382 2216 scir
404 2149 441 2210 ἐν
461 2139 628 2212 τεύτλοισι
649 2146 887 2232 λοχευομένας.

105 2254 341 2314 Annumerstur
369 2245 466 2324 igitur
482 2247 712 2322 „famosissimis
744 2248 935 2328 geueonibus
964 2257 996 2308 et
1021 2245 1137 2308 dicitur
1168 2267 1248 2333 sero,

106 2351 276 2416 divenditis
298 2349 463 2430 anguillis,
484 2351 518 2411 in
540 2352 645 2415 lorum
666 2351 787 2415 venisse
815 2350 923 2432 ibique
944 2353 1095 2428 iacturam
1124 2347 1250 2412 delicis·

105 2476 172 2519 rum
195 2453 311 2516 iisdem
334 2453 436 2517 verbis
460 2466 549 2516 utens
571 2454 707 2532 luxisse,
729 2453 844 2536 quibus
867 2452 957 2522 lsso
986 2451 1019 2512 in
1037 2449 1153 2514 >Medea
1182 2473 1250 2514 cae-

106 2558 173 2622 dem
191 2577 367 2641 puerorum
386 2556 617 2638 deploraverat.
659 2561 773 2646 Inque
791 2556 917 2640 quidem
933 2554 1079 2617 irrisione
1096 2557 1249 2628 nonnulla
1335 2584 1337 2596 ¹

106 2663 308 2739 edacitatem,
330 2663 391 2724 slia
412 2683 489 2726 vero
510 2665 664 2744 poeticam
681 2666 772 2741 hujus
789 2663 927 2724 indolem
949 2659 1132 2740 significant.
1167 2661 1249 2724 Nem

105 2761 274 2848 ὀτοτύζει,
304 2767 440 2828 horest
462 2766 596 2845 tragicos
621 2768 753 2846 gemitus
776 2766 852 2830 edit.
891 2763 929 2826 ld
951 2765 1036 2828 enim
1055 2765 1188 2826 verbum
1209 2765 1248 2825 ab

105 2870 322 2948 interjectione
338 2862 448 2938 ὀτοτοῖ
469 2868 607 2947 ductum,
629 2891 708 2952 quaa
730 2868 908 2950 tragoediae
922 2866 1052 2950 proprie
1067 2878 1123 2928 est.
1138 2867 1248 2949 Eurip.

106 2971 207 3036 Orest.
227 2975 326 3035 1386.
348 2972 509 3034 Phoeniss.
533 2975 627 3035 1050.
670 2972 793 3033 Recitat
813 2990 941 3046 versus,
970 2991 987 3029 e
1009 2967 1122 3032 Medea
1143 2969 1248 3032 fabula

105 3073 296 3156 desumptos,
308 3072 414 3135 Schol.
426 3071 466 3134 ad
477 3074 517 3134 l.:
531 3078 566 3139 ἐν
576 3071 741 3156 Μηδείας.
763 3071 908 3154 μήποτε
931 3070 1041 3151 ἐαίτῆς
1050 3061 1248 3150 Εὐριπίδου

111 3177 259 3262 Μηδείας
289 3169 436 3261 παραίνει
454 3178 481 3257 ¹(
489 3175 576 3255 vulg.
605 3171 844 3260 παραγράφει)
873 3178 1003 3239 ἐκεῖνα·
1029 3160 1055 3233 ὦ
1084 3163 1248 3254 δύστηνος
1328 3243 1333 3253 ,

104 3275 182 3366 ipsi,
213 3277 319 3363 μελέα
342 3303 380 3345 το
409 3273 543 3359 πόνων,
565 3279 637 3353 παῖς
666 3272 710 3345 δν
741 3271 898 3360 ὀλοίμαν·
930 3280 962 3343 οἱ
986 3272 1021 3340 δὲ
1052 3265 1248 3341 adsensuri

107 3383 311 3450 Μελανθίου
333 3383 434 3468 φασίν
460 3383 548 3450 εἶναι
569 3380 746 3466 Μηδείου,
782 3385 815 3458 ἐξ
843 3367 884 3465 ἦε
909 3379 1033 3448 ταῦτα.
1082 3381 1246 3442 Postremo

105 3486 208 3548 verbis

317 3586 398 3662 τούς
417 3580 446 3656 δ’
470 3581 674 3673 ἀνθρώπους
696 3586 880 3675 ἐπιχαίρειν

104 3699 198 3772 pos'ts
217 3690 388 3772 perstringi
413 3688 554 3768 videtur,
585 3691 641 3772 qui
666 3689 855 3772 importunis
878 3688 1156 3754 exclamationibus
1180 3707 1244 3754 non

103 3807 168 3856 tem
196 3791 439 3856 misericordiam
470 3796 652 3876 luctumque
682 3792 715 3854 in
747 3792 989 3873 spectatoribus,
1022 3815 1116 3876 quam
1145 3795 1242 3854 risum

101 3896 200 3978 possit
221 3915 428 3960 commovere.
472 3893 592 3971 Quodsi
612 3914 691 3958 vero
716 3895 850 3959 comicus
871 3905 995 3975 poetam
1016 3896 1160 3958 locum‘s
1181 3909 1244 3958 tra·

102 3999 212 4080 goedia
223 4000 357 4062 recitare
371 4001 455 4081 lecit,
476 4011 512 4063 ut
524 4001 551 4062 is
565 4019 598 4063 ee
612 4000 679 4082 ipss
695 3995 869 4076 deluderet,
891 3997 1036 4080 equidem
1056 4018 1120 4060 non
1140 3996 1242 4076 video,

171 4235 204 4304 ²)
223 4233 286 4288 Non
304 4244 390 4301 totus,
409 4233 538 4304 inquam,
557 4249 662 4299 versus,
687 4230 732 4286 sed
751 4249 813 4304 pars
830 4227 952 4284 versiculi
971 4238 1065 4293 exstat,
1093 4244 1172 4298 quem
1197 4228 1241 4282 alii

100 4320 177 4376 aliter
195 4323 333 4378 scribunt:
357 4315 458 4384 οειομός
482 4323 574 4388 ydrost
593 4324 638 4373 sut
653 4321 760 4393 iypnnes
783 4313 803 4390 ἤ
818 4321 860 4389 γῆ.
897 4315 979 4384 Quod
998 4316 1026 4368 in
1051 4313 1112 4370 Ald.
1130 4316 1242 4388 exempl.

99 4410 188 4484 Etym.
207 4410 303 4482 Magn.
318 4408 440 4482 legimus.
