3044 4982
832 314 857 394 6

278 503 512 580 Andronicum,
542 502 684 582 Apelleae
696 543 705 578 ,
735 499 942 577 Archelaum,
971 500 1139 575 Archiam,
1171 496 1428 577 Athenodorum,

279 605 498 688 Callippidem,
513 603 716 683 Clementem,
737 602 947 680 Demetrium,
969 602 1191 682 Hegelochum,
1213 601 1428 681 Heraclidem,

278 712 418 773 Iasonem
441 695 654 786 Trallianum,
678 706 872 790 Myniscum,
893 705 1154 786 Neoptolemum,
1177 707 1308 785 Polum,
1329 707 1428 791 Saty-

278 833 363 890 ruas,
379 809 589 890 Theodorum,
611 809 792 874 Thessalum
815 809 922 890 inepte
945 829 1014 880 cam
1034 807 1268 888 tragoediarum
1288 810 1428 892 scripto-

279 919 366 981 ribus
387 914 566 994 conjunxit,
593 927 648 976 aut
670 914 854 994 perturbata
876 911 1009 990 catalogi
1029 911 1151 974 ratione
1173 925 1229 975 aut
1250 933 1309 976 usu
1335 915 1427 978 vocis

278 1015 444 1117 mappalia
465 1017 628 1099 deceptus,
655 1038 736 1099 quse
762 1016 886 1098 saepius
917 1035 987 1077 cum
1016 1013 1266 1101 τραγῳδοποιός
1292 1018 1426 1080 contusa

277 1136 325 1185 est
335 1121 373 1204 ¹).
422 1121 635 1187 Nihilominus
664 1123 687 1183 ii
717 1120 882 1202 stragicis
906 1119 1009 1201 poetis
1029 1117 1214 1199 sejungendi
1234 1132 1325 1199 suat,
1364 1121 1426 1203 qui

278 1245 343 1288 non
360 1225 534 1306 tragoediae
557 1227 706 1304 lecerunt,
727 1224 781 1288 sed
804 1245 840 1288 ea
861 1225 962 1288 literis
984 1219 1183 1302 mandarunt,
1204 1243 1285 1306 quse
1304 1223 1344 1286 ad
1366 1247 1425 1286 na·

278 1340 382 1400 turam
404 1327 630 1412 historiamque
651 1345 759 1391 esrum
782 1327 993 1411 pertinebant·
1047 1324 1118 1403 Quo
1138 1327 1172 1388 in
1194 1347 1327 1389 numero
1348 1327 1423 1389 Ari·

279 1442 437 1508 atosenus,
459 1429 658 1512 Asclepiades
671 1429 717 1515 2),
738 1429 962 1508 Callimachus,
983 1431 1181 1506 Demaratus,
1204 1428 1424 1506 Dicaearchus,

278 1533 450 1616 Didymus,
478 1531 576 1604 Duris
583 1578 593 1613 ,
607 1571 609 1579 ·
622 1533 827 1616 Hephaestio,
849 1531 1045 1610 Heraclides,
1071 1532 1282 1614 Hieronymus
1303 1533 1423 1614 aliique

279 1637 407 1701 laterum
437 1641 617 1722 scriptores.
677 1639 755 1702 Cum
788 1653 910 1703 veteres
939 1637 1120 1722 philosophi
1157 1649 1188 1698 et
1218 1638 1423 1718 grammatici,

279 1739 342 1818 duo
365 1745 467 1836 poesis
489 1765 613 1824 genera,
635 1766 731 1806 unum
754 1744 905 1824 tragicum
923 1765 999 1824 esse,
1020 1745 1155 1805 alterum
1172 1761 1248 1806 reru
1269 1742 1421 1804 comicum

278 1845 466 1924 voluissent,
501 1847 693 1942 perspicis,
721 1859 775 1908 sut
801 1846 919 1910 melicis
948 1845 1150 1923 carminibus,
1182 1867 1262 1928 quse
1292 1844 1421 1930 quidem

278 1967 342 2010 non
364 1961 465 2011 essent
486 1948 615 2027 ludicra,
639 1948 822 2028 gravitatem
844 1972 879 2012 ac
900 1950 1034 2011 sublime
1057 1948 1179 2012 dicendi
1196 1969 1293 2028 genus
1314 1948 1420 2012 deesse

776 2053 801 2098 Ο

280 2110 560 2122 m·-

278 2211 312 2265 sh
332 2171 408 2269 enisi
428 2210 546 2278 uetustis,
576 2211 602 2266 id
621 2213 795 2298 est‚'alienis‚
814 2212 910 2267 sabulis
930 2221 1079 2284 susceptam
1105 2232 1168 2266 esse.
1209 2211 1244 2266 Et
1261 2212 1420 2267 Oenomaus
1506 2259 1510 2261 .

278 2297 420 2374 Sophoclis
443 2300 509 2369 luit,
535 2319 617 2372 quem
635 2319 717 2372 agens
734 2301 846 2376 pessime
875 2302 953 2364 stetit.
985 2299 1123 2355 Demosth.
1142 2301 1176 2355 de
1195 2301 1295 2356 Coron.
1320 2323 1346 2375 p.
1359 2303 1420 2358 372.

159 2375 162 2384 ¹
278 2387 332 2442 Vit.
350 2385 446 2442 Aesch.
462 2387 553 2441 Aaou.
596 2383 709 2461 Hesych.
733 2409 753 2459 s,
771 2409 794 2444 v.
820 2411 960 2461 epatuyuv.
1003 2389 1133 2444 Similiter
1155 2390 1348 2446 Demosthenes
1366 2391 1382 2445 Ι.
1402 2391 1419 2444 Ι.

278 2495 306 2547 p.
323 2479 385 2529 stt.
404 2473 564 2545 Aeschinem
588 2477 652 2548 fecit
670 2495 759 2546 versus
776 2479 905 2546 recitare,
931 2499 1049 2554 quorum
1075 2489 1146 2534 unus
1164 2497 1194 2533 ex
1211 2479 1348 2552 Euripidis
1366 2480 1419 2532 He·

279 2564 348 2618 cuba
368 2563 488 2636 prolatus
505 2575 551 2627 est.
590 2566 643 2632 sed
663 2568 721 2634 vide
739 2569 819 2623 etiam
837 2567 947 2629 Philost.
965 2568 1019 2629 Vit.
1036 2567 1120 2640 soph.
1165 2566 1223 2622 Cic.
1242 2568 1275 2622 de
1293 2569 1360 2642 liep.
1375 2589 1420 2642 ap.

279 2650 420 2723 Augustis.
442 2651 475 2706 de
494 2650 570 2720 Citii.
588 2655 639 2710 Dei
659 2658 692 2724 ll,
712 2661 755 2712 1⁰.
791 2657 919 2730 Grysar
945 2658 988 2716 De
1007 2658 1104 2735 Graec.
1124 2657 1241 2729 tragoed·
1265 2657 1337 2730 qual.
1355 2658 1420 2714 circ.

279 2751 361 2812 temp.
380 2740 516 2808 Demosth.
536 2742 584 2812 fuit
602 2747 673 2816 pis
685 2755 711 2812 et
725 2749 770 2816 ill.

349 2828 380 2898 1)
397 2829 489 2902 ltaque
505 2849 560 2894 nou
577 2832 658 2902 modo
672 2845 779 2914 ueteres,
798 2833 1127 2902 Aelian.Vsr.Hist.XlV.
1138 2839 1214 2889 cdd.
1251 2833 1419 2890 Valclen.

278 2915 392 2990 Distrih.
412 2940 437 2991 p.
445 2921 496 2974 182
505 2919 547 2992 A,
566 2922 709 2976 sedetiam
731 2924 894 2980 recentiores
911 2923 1077 2991 mutatione,
1095 2943 1176 2996 quam
1195 2922 1232 2976 ris
1251 2934 1419 2996 potestasque

279 3007 349 3060 vocis
366 2998 503 3080 apappdo'a
521 3011 617 3063 sensim
636 3022 742 3084 experta
762 3021 813 3081 est,
842 3011 909 3066 adeo
931 3011 1078 3084 perturbati
1100 3011 1236 3077 ridentur,
1266 3023 1295 3064 ut
1312 3011 1420 3066 dubita-

278 3103 353 3162 rent,
372 3115 432 3163 eos,
452 3097 498 3169 qui
518 3101 650 3169 τραγῳδοί
668 3112 815 3168 vocantur,
833 3113 925 3156 utrum
944 3103 1060 3174 tragicos
1078 3101 1218 3153 histriones
1234 3115 1421 3171 numerarent,

276 3185 414 3257 appetitis
432 3175 495 3252 vero
513 3189 704 3259 adscriberent.
750 3192 820 3246 Nsm
839 3192 866 3245 id
885 3191 1046 3246 vocabulum
1065 3187 1173 3259 proprie
1193 3185 1324 3256 tragicum
1342 3201 1420 3244 acto-

276 3293 335 3340 rem
354 3274 492 3346 significat.
517 3279 644 3344 Ammon.
663 3299 682 3334 s.
702 3299 724 3337 t.
744 3283 877 3353 τραγῳδοὶ
901 3283 946 3332 sul
966 3278 1086 3344 κωμῳδοὶ
1104 3278 1148 3328 aul
1165 3277 1357 3344 τραγῳδοποιοὶ
1375 3287 1420 3334 stul

277 3366 457 3430 κωμῳδοποιοὶ
475 3366 634 3434 διαφέρουσι.
659 3373 791 3442 τραγῳδοὶ
815 3371 860 3431 μὲν
877 3363 928 3436 peip
948 3368 993 3418 nul
1018 3365 1138 3432 annotet
1157 3366 1219 3416 εἰσιν
1237 3365 1260 3414 oi
1278 3359 1419 3438 ὑποκριταὶ

277 3451 325 3517 τῆς
343 3454 481 3521 suppilat
498 3457 543 3506 καὶ
559 3459 724 3526 τραγῳδίας,
749 3459 941 3530 τραγῳδοποιοὶ
960 3456 989 3520 dl
1009 3457 1053 3505 nul
1072 3455 1250 3520 κωμῳδοποιοὶ
1269 3453 1292 3504 ol
1311 3465 1419 3530 ποιηταὶ

277 3541 329 3588 1⁰3⁹
347 3533 499 3608 δραμάτων.
534 3542 615 3612 Quod
630 3544 652 3614 is
667 3547 767 3619 optime
784 3556 876 3601 contra
892 3562 938 3596 eos
950 3541 1051 3609 docuit,
1070 3541 1116 3615 qui
1132 3554 1184 3596 tam
1203 3553 1314 3611 actores,
1335 3565 1417 3618 quam

277 3623 420 3696 scriptores
442 3628 595 3686 fabularum
614 3633 665 3688 hoc
683 3631 793 3698 nomine
812 3630 1019 3704 appellaverant.
1063 3629 1147 3702 Cujus
1166 3632 1204 3686 rei
1222 3635 1256 3688 ah
1275 3633 1418 3692 Aristotele

278 3710 407 3768 ducamus
424 3715 544 3786 initium,
563 3722 608 3792 qui
626 3723 653 3790 in
673 3722 747 3790 Po'e’t.
769 3727 811 3788 22,
832 3724 864 3774 8:
889 3721 928 3772 ias
946 3722 975 3772 dl
993 3716 1167 3790 Ἀριφράδης
1185 3717 1248 3780 τούς
1265 3723 1419 3791 τρογῳδούς

276 3801 405 3870 lwtttldp
423 3805 467 3871 ait,
486 3807 506 3860 si
525 3809 634 3880 quidem
653 3810 675 3862 is
695 3810 770 3863 locus
788 3828 802 3872 a
822 3807 981 3882 philosopho
996 3809 1090 3881 nequit
1101 3807 1257 3878 abjudicari.
1292 3808 1334 3864 Cf.
1346 3810 1419 3876 Dio·

277 3907 336 3958 nys.
353 3889 436 3946 Halia.
455 3893 488 3946 de
508 3885 564 3949 Vet.
583 3896 681 3967 Script.
698 3895 778 3949 Ceus.
800 3901 832 3964 9,
851 3895 946 3951 Athen.
967 3899 999 3950 ll.
1018 3901 1087 3969 pst
1099 3897 1149 3964 D.,
1178 3897 1340 3970 Hermogen.
1359 3906 1419 3967 napi

276 3972 370 4036 μεθᾶδ.
389 3976 483 4046 druia.
503 4003 528 4055 p.
540 3988 583 4038 68.
603 3985 644 4048 ed.
662 3985 778 4052 sturm„
802 3985 932 4058 ΡοΙγιοοη.ἱ
948 3985 1074 4053 Prooem.
1095 3990 1163 4058 pl,
1187 3986 1278 4042 Schol.
1296 3987 1330 4040 ad
1354 3986 1418 4040 Ari-

276 4063 361 4135 stoph.
379 4067 447 4123 Rau.
467 4075 510 4124 86.
535 4069 613 4124 Adde
632 4089 708 4124 usum
728 4072 889 4142 Quintiliani
909 4077 929 4141 l,
948 4079 973 4142 8,
994 4079 1019 4138 ,6.

346 4153 376 4222 2)
398 4155 583 4226 Asclepiadem
602 4169 689 4226 certe,
716 4159 749 4214 de
768 4183 822 4235 quo
841 4183 921 4236 supra
940 4164 1067 4233 diximus,
1093 4169 1201 4236 peilam
1219 4164 1350 4236 turicum
1368 4163 1418 4220 hs-

275 4240 334 4304 huit
350 4242 534 4315 Gyraldus
551 4245 584 4315 tle
603 4248 678 4306 Post.
696 4251 761 4308 Hist.
780 4254 836 4307 Vll.
855 4273 880 4326 ρ.
891 4258 952 4309 284.
988 4253 1100 4320 Vossius
1117 4257 1198 4324 pli:
1217 4252 1418 4322 „Asonpmuia

274 4331 476 4463 trapperliprum
499 4333 653 4406 scriptoris,
682 4341 728 4410 qui
749 4343 881 4406 Isocratis
899 4341 995 4413 suerit
1019 4342 1185 4410 discipulus,
1213 4339 1329 4404 rrsemipit
1348 4340 1418 4392 Plu·

274 4421 336 4464 tarc
356 4433 396 4470 us.
