3072 5012
1237 311 1310 388 tot

145 493 266 568 suntor
238 489 331 554 rme
342 485 586 576 anspertum
606 507 678 554 aas
675 489 859 582 'shmsvsq
865 489 1211 638 mpemrtlrustmtum
1217 493 1313 564 villico

145 591 555 684 enhnhphmnsprrusse
549 593 865 682 sesrtentshrnr
970 609 1093 670 nis-i·
1089 645 1104 670 r
1137 635 1307 676 r·
1389 625 1393 640 .

278 694 420 766 Μὲνκ
416 697 561 766 moitis
567 695 761 788 ἐγχείρημα
756 693 834 788 κᾷν
861 675 1068 786 anlfflnpo'v
1048 725 1094 791 nr,
1088 719 1149 777 ‚43-

186 829 259 890 nr„
290 805 513 896 :truopirivrr
517 801 1115 896 mqtsmrdoennonumoveoov

142 854 252 1006 ipsum
247 853 395 988 sures
395 911 539 1004 apesbd
545 913 626 981 litis
620 917 780 982 mentm*
788 911 949 988 nolemus
975 913 1118 984 Nem
1090 935 1132 990 ss
1122 825 1305 1018 qui&
1239 915 1310 996 alus

143 1019 739 1112 egb·becliun3videpo,sripsprorirmet
757 1019 983 1102 :nantuensis
1004 1037 1178 1105 §rhodomi
1203 1025 1310 1102 tochos

141 1127 302 1210 habuisse
315 1127 484 1210 lsrhorumq
509 1126 765 1220 enmusite'ospt,
782 1137 879 1198 stum·
893 1124 1095 1206 nihiljllteris,
1110 1127 1310 1216 hugi-{³⁰1³-

145 1231 836 1328 umrtluquepuunummuomnrsso,
861 1233 970 1308 sutem
990 1220 1311 1336 serroisqronqravi

143 1339 706 1432 ffllderuqurlddulclttmumvflttlflmae
714 1399 717 1408 ,
725 1339 821 1410 euius
829 1341 1013 1436 rrptcsslttu&
1025 1341 1311 1431 [vestigiaqtruptt

147 1447 279 1514 demum
308 1469 327 1514 a
354 1445 602 1514 Schneidewino
632 1445 932 1540 Bippffipuanun
955 1445 1051 1524 *laudi
1082 1448 1178 1529 scio„
1195 1455 1310 1536 utpote

146 1577 211 1645 quo
233 1552 465 1644 speciosiorum
492 1553 712 1642 suspicionum
740 1554 907 1636 arbitrum,
939 1576 978 1620 eo
999 1551 1077 1619 mihi
1098 1551 1308 1643 periculosio-

145 1683 234 1742 rum,
266 1659 321 1727 ubi
352 1681 417 1725 non
455 1657 721 1725 invulnerabilem
757 1657 987 1748 comprehendi
1018 1657 1169 1726 lacessivi
1205 1659 1309 1747 magis

144 1765 280 1833 velitum
310 1753 405 1830 annis
435 1788 532 1854 quam
554 1757 737 1832 triariorum
760 1765 963 1854 impugnavi3
991 1763 1132 1830 Bodium
1160 1763 1308 1856 denique,

145 1896 186 1940 eo
217 1872 374 1938 duntaxat
401 1871 534 1938 consilio
563 1871 683 1962 passim
710 1871 881 1953 advocavi,
910 1879 947 1938 ut
973 1870 1204 1952 demonstrem,
1232 1868 1308 1960 quid

145 1978 318 2070 suppellex
344 1977 453 2071 critice
476 1977 629 2068 disposita
658 1977 753 2044 distet
775 2001 794 2044 a
814 1977 973 2068 farragine
995 1977 1204 2043 semimortua
1217 1997 1307 2042 com·

144 2085 288 2177 pilatoris
311 2086 374 2177 qui,
395 2083 492 2151 modo
515 2083 630 2150 rudem
647 2084 904 2174 indigestamque
916 2082 1065 2151 locorum
1080 2090 1312 2172 excerptorum·

143 2191 266 2260 molem
292 2191 457 2260 contextui
484 2189 763 2280 subterstruxerit,
789 2193 901 2282 jejuno
930 2191 1115 2281 propriique
1144 2188 1221 2254 satis
1248 2211 1307 2254 ex-

143 2301 228 2390 perti
251 2297 377 2392 judicii,
405 2295 570 2362 literarum
598 2319 616 2362 a
643 2304 888 2366 se-sorrtextam
914 2294 1079 2364 historiam
1101 2317 1172 2362 esse
1195 2287 1306 2361 allud·

144 2414 248 2472 netur.
291 2404 409 2494 Neque
430 2401 493 2471 hoo
515 2401 651 2470 aliorum
674 2401 786 2470 oculos
809 2403 898 2492 [ugit.

230 2509 342 2601 Itaque
361 2511 432 2601 ipse
460 2531 521 2598 ego
543 2509 592 2576 his
615 2532 706 2600 capp.
734 2510 768 2576 in
796 2496 945 2576 veterum
974 2505 1145 2575 afferendis
1170 2505 1306 2596 scripto·

143 2639 217 2684 rum
245 2617 450 2698 testimoniis,
489 2639 531 2682 ne
565 2617 617 2683 cui
649 2617 766 2683 nimius
800 2615 927 2684 viderer
958 2616 1095 2695 veritus,
1123 2613 1233 2680 nescio
1265 2633 1306 2678 an

143 2747 199 2790 me
231 2722 445 2814 praestiterim
474 2722 663 2811 parciorem.
715 2721 813 2807 Quod
845 2731 920 2789 ante
953 2720 1061 2788 onmia
1094 2718 1129 2796 in
1155 2717 1307 2808 ⁸mythicis

144 2831 242 2897 rebus
278 2855 349 2896 esse
382 2831 504 2896 facturn
541 2827 717 2921 culpabunt
754 2827 910 2909 fortasse,
948 2828 1061 2918 quibus
1089 2825 1180 2898 listas
1217 2822 1306 2892 cordi

143 2947 234 3020 sunt,
250 2961 365 3004 verum
387 2959 464 3026 ego,
497 2953 571 3014 cum
601 2936 634 3001 in
658 2933 929 3023 disquisitionibus
958 2932 1000 2998 ad
1019 2930 1184 2998 literarum
1204 2928 1306 2996 histo-

142 3045 225 3110 riam
247 3043 478 3133 pertinentibus
509 3039 675 3108 attentioni
707 3036 917 3105 lectitantium
944 3037 1022 3105 nihil
1048 3035 1178 3103 officere
1203 3055 1305 3100 nove-

143 3152 206 3216 rim
238 3149 435 3240 experientia
467 3147 600 3216 edoctus
635 3155 817 3236 tantopere,
851 3142 949 3235 quam
981 3144 1172 3211 curiosiores
1190 3146 1306 3233 'quae-

145 3257 221 3324 dam
249 3256 282 3322 in
309 3254 467 3345 mythicas
493 3277 546 3321 res
578 3252 808 3342 digressiones,
841 3252 943 3319 sicubi
974 3247 1174 3341 exspatiandi
1203 3254 1236 3314 et
1255 3245 1305 3312 lo·

144 3387 203 3432 cus
226 3372 259 3429 et
280 3365 403 3431 animus
425 3368 624 3452 superesset,
653 3358 687 3426 in
715 3359 902 3450 spargendis
933 3379 1016 3447 quae
1046 3353 1087 3422 ad
1107 3353 1306 3422 literaturam

145 3474 281 3563 ejusque
312 3468 476 3536 historiam
502 3469 715 3559 pertinerent,
749 3487 823 3532 oum
854 3461 1089 3555 suspicionibus
1119 3470 1190 3527 tum
1216 3457 1305 3548 cogi-

143 3576 336 3658 tationibus,
374 3575 528 3666 prodigus
566 3598 656 3642 esse
676 3564 787 3640 malui
837 3570 874 3639 ln
906 3569 977 3636 solo
1009 3579 1118 3636 tamen
1152 3589 1220 3658 cap.
1250 3563 1304 3634 Vl

143 3681 344 3778 pertexendo
373 3681 474 3762 dolui,
505 3681 591 3800 quod
612 3679 876 3747 nonnullarumf
861 3675 1041 3744 fabularum
1066 3675 1107 3742 ad
1128 3696 1188 3741 nos
1207 3669 1303 3762 paulo

145 3789 373 3859 subobscurior
401 3789 556 3854 memoria
589 3787 788 3879 pervenerit,
822 3808 884 3854 nec
911 3785 993 3874 lugit
1021 3806 1074 3850 me
1106 3775 1306 3846 credibibtati

144 3920 270 3979 eorum,
291 3919 374 3987 quae
395 3895 547 3962 docturus
564 3915 662 3975 eram,
683 3893 844 3960 interdurn
861 3890 1045 3959 consultum
1060 3884 1174 3952 melius
1196 3881 1306 3963 luisse,

144 4005 208 4072 si
200 4028 233 4071 rn
260 4003 370 4071 locum
401 4000 608 4070 absconditae
637 3999 805 4090 cujusdam
836 4006 868 4064 et
896 3997 1025 4076 doctae,
1053 4001 1091 4060 ut
1119 3993 1164 4056 ita
1190 3989 1305 4068 dicam,

144 4108 289 4192 fabulae,
331 4110 425 4178 unius
463 4107 619 4175 duntaxat
658 4106 823 4196 scriptoris
867 4103 930 4172 [ide
967 4099 1080 4180 fultae,
1127 4094 1309 4188 potuissem

145 4228 204 4287 aut
233 4218 267 4284 in
289 4215 415 4307 -vcdgus
448 4225 541 4298 nota,
574 4223 630 4282 aut
659 4212 803 4306 pluribus
836 4219 925 4280 certe
955 4205 1088 4275 testibus
1121 4199 1308 4318 confirmata

145 4345 343 4414 congerer·e-.-
355 4361 397 4374 ·-
