3088 5008
222 506 313 576 Alter
334 517 403 573 erat
425 507 532 574 discus
553 505 682 573 musteli
701 505 832 596 plenus,
853 517 889 574 at
908 507 997 574 alter.
1125 543 1127 552 ·
1202 534 1205 543 ·

157 619 202 683 20
223 613 362 705 Sepiolis
384 614 577 704 lolliginibus
601 613 792 703 polypisque
813 613 954 703 repletus

222 719 427 789 Mollicomis:
457 729 609 810 properat
629 729 703 808 post
724 719 784 785 hos
805 725 961 786 muraena
983 719 1118 804 electa,'

222 828 378 894 Porrecto
399 829 434 894 in
454 849 567 893 mensa
589 825 791 914 flammisque
812 825 994 892 recentibus
1015 826 1128 894 halans
1168 877 1172 886 .

222 934 373 1003 Necdum
393 935 538 1023 ingressa
559 933 645 1000 iores
669 931 948 999 dulcesdiffundit
969 930 1094 1001 odores.

224 1042 310 1126 Quin
332 1043 429 1107 etiam
450 1039 558 1106 sulsac
574 1037 759 1127 lampredae
780 1038 896 1105 deinde
915 1049 1080 1130 sequutae,

151 1133 203 1213 '25
222 1146 449 1237 Puniceaeque
471 1145 552 1211 favis
573 1144 709 1234 squillae
731 1165 915 1234 curvaeque
935 1144 1088 1214 locustae.

226 1253 404 1344 Tinctaque
426 1251 522 1318 melle
543 1252 661 1318 intrant
682 1251 818 1334 loliuoea
836 1250 981 1318 crustula
1002 1253 1102 1337 flavo3

223 1357 267 1426 Et
288 1358 402 1450 quibus
426 1357 548 1424 urbano
571 1356 649 1424 nihil
671 1378 774 1447 aeque
796 1367 846 1424 est
859 1355 961 1424 dulce
983 1358 1121 1448 palato,-

223 1462 345 1555 Ignitae
366 1466 500 1531 veniunt
522 1463 578 1530 tibi
599 1463 850 1555 dulcaoidaeque
871 1462 1048 1556 placentae.
1078 1455 1080 1460 ’

226 1571 409 1640 Umbonem
429 1571 551 1656 (teneo)
573 1591 696 1638 coenae
717 1571 896 1637 vocitamus
917 1581 1060 1663 uterque.
1077 1569 1083 1580 ’
1140 1587 1143 1592 '

159 1681 204 1746 30
227 1678 432 1764 Quinetiam
452 1675 571 1767 polypi
585 1675 710 1744 sublato
733 1677 883 1766 segmine
897 1677 973 1742 tosti

223 1783 409 1874 Pelamydis
429 1784 518 1850 venit
540 1783 690 1864 lrustum,
713 1780 794 1874 proh
816 1782 978 1873 luppiter!
999 1787 1113 1876 ingens

224 1893 375 1972 Assatae,
399 1888 485 1980 quod
506 1890 561 1956 ubi
582 1898 709 1957 nostros
732 1897 943 1978 properanter
965 1890 1080 1959 edaces

224 1995 335 2064 Incidit
354 1996 387 2061 in
409 1995 609 2078 stomachos,
631 1995 697 2062 leni
722 1993 890 2061 dulcedine
913 2007 1046 2065 cunctos

227 2101 392 2191 Compulit
411 2100 617 2191 inplausum
637 2101 737 2168 laude
758 2112 791 2167 et
810 2101 962 2170 resonare
981 2109 1095 2196 co'e'git.
1186 2088 1191 2095 .

162 2212 207 2276 35
227 2212 274 2277 Ac
296 2218 421 2275 tantum
443 2209 550 2298 pueris
572 2205 750 2272 tollendum
771 2207 937 2297 liquimus,
961 2211 1046 2278 unde

225 2315 363 2382 Fortiter
384 2315 552 2395 obstiterit,
575 2335 672 2403 quem
693 2316 847 2409 presserit
868 2313 963 2382 ardor
985 2317 1107 2386 edendi.

210 2424 274 2496 ‚Ac
296 2419 372 2486 licet
393 2421 482 2486 ellari
502 2417 590 2486 nullo
614 2429 771 2488 renuente
791 2420 908 2488 sodali:

226 2525 428 2617 „Splendida
448 2525 614 2615 lingebant
633 2525 722 2592 lauto
745 2529 893 2595 convicia
912 2529 1025 2596 luxu.’'

226 2633 455 2700 Fervescentia
475 2631 655 2723 procedunt
678 2631 792 2699 debinc
814 2632 867 2699 ilia
887 2637 978 2724 porci
1027 2667 1032 2674 -

163 2741 208 2806 40
229 2739 376 2830 'Pergora
397 2739 490 2828 spina
513 2737 633 2828 duplex
654 2748 752 2828 atque
772 2739 922 2809 intestina
943 2741 1104 2812 bimestris

227 2845 393 2936 Exstaque
416 2843 595 2911 divolsain
614 2845 730 2933 patinis
751 2845 924 2911 numerosa
945 2850 1119 2937 profundis.

227 2951 313 3019 Cum
336 2951 440 3041 capite
461 2950 536 3016 inde
551 2951 639 3015 venit
661 2950 771 3016 cervix
795 2948 880 3017 elixa
900 2953 1044 3042 capellae
1152 2971 1154 2998 ³

227 3047 360 3126 Coctilis
381 3057 552 3146 innuptae,
574 3056 708 3124 veniunt
727 3077 858 3146 quoque
880 3059 1019 3125 trunculi
1041 3072 1074 3128 et
1095 3067 1174 3130 armi
1208 3089 1211 3096 ’

228 3161 313 3230 Ebrii
334 3185 446 3252 sparsa
470 3172 503 3230 et
523 3160 624 3228 multo
647 3160 715 3228 sale
737 3183 802 3228 non
824 3165 893 3230 sine
913 3165 1005 3230 farre:
1045 3187 1047 3194 ·

162 3269 346 3338 teneura
369 3266 502 3352 debinc,
523 3267 688 3359 capitella,
711 3269 826 3358 pedes,
848 3268 977 3338 bellaria
1000 3295 1098 3340 succo

228 3376 347 3444 Tincta
366 3374 556 3464 Cyrenaico.
615 3395 643 3430 m

226 3481 304 3553 lnde
327 3480 458 3546 domata
477 3503 552 3548 caro
576 3482 771 3548 ferventibus
795 3482 1047 3566 adstititundis,
1126 3505 1129 3510 ·

227 3586 312 3657 Hinc
335 3599 439 3655 assata
461 3589 602 3654 fremunt
623 3584 936 3679 agninacaprinaque
959 3592 1137 3675 membrap

228 3695 350 3762 Suavia
372 3694 608 3776 coelicolis,<et
631 3717 713 3784 quac
735 3695 916 3784 gratissima
938 3696 1019 3763 divis
1107 3727 1133 3744 ·⁴

164 3799 208 3865 50
231 3799 366 3867 Munera
388 3799 557 3866 solvuntur
577 3801 702 3890 superis
722 3802 916 3880 fumantibus
940 3806 1001 3868 aris
1117 3853 1118 3858 η
1168 3827 1170 3834 ’

228 3905 346 3974 Dulcia
369 3907 494 3973 viscera
517 3916 608 3972 erant
628 3907 879 3997 agninooaprinu
900 3918 1024 3997 parata·
1141 3941 1162 3958 »
1270 3957 1273 3964 .

233 4012 380 4079 Vidimus
404 4021 436 4077 et
457 4011 585 4101 lepores
607 4013 684 4101 poni
706 4011 873 4102 gallosque
895 4012 1029 4080 tenellos
1088 4043 1107 4070 ·.
1159 4059 1161 4068 ,
1214 4055 1217 4064 1

228 4117 446 4209 Perdicesque
468 4119 550 4183 intro
574 4128 609 4184 et
628 4117 760 4209 pavidas
781 4119 916 4185 volitare
937 4115 1113 4208 palumbes.

111 4275 117 4286 .
229 4222 379 4314 Denique
401 4233 568 4291 tostorum.
582 4229 722 4290 saturn
742 4222 959 4314 laganumque
982 4225 1134 4292 canistris.
1235 4309 1238 4319 Ι

165 4329 209 4392 55
232 4328 318 4396 Turn
339 4331 415 4398 llovi
436 4329 540 4398 mellis
559 4329 739 4420 niveaequ'e
759 4329 896 4419 coagula
918 4329 1009 4398 lactis

740 4433 743 4440 ’
1084 4437 1105 4501 3
