3086 4992
669 309 717 380 ot

114 496 252 561 Pheraei
277 495 355 571 luit,
378 515 396 556 a
417 495 584 557 Plutarcho
607 493 646 558 de
670 495 773 561 uisu.
795 493 894 559 Amic.
915 506 948 557 et
970 494 1064 563 Adul.
1086 521 1112 562 c.
1128 503 1159 567 9.
1182 521 1264 566 coar·

114 611 323 665 memoratus.
365 597 447 662 Nam
476 598 504 660 si
525 610 640 681 quarto
668 611 700 662 et
730 598 880 678 vigesimo
906 600 1016 665 aetatis
1038 623 1121 668 anna
1140 605 1180 668 ab
1201 605 1264 666 illis

115 705 245 768 comicis
267 701 380 766 irrisus
401 710 464 779 est,
496 722 565 762 cum
586 714 739 786 tyrannus
761 703 816 764 ille
844 718 974 780 regnum
1007 705 1192 787 susciperet,
1218 729 1266 775 as·

118 805 350 890 ptuagesimum
373 804 538 886 septimum
561 804 625 882 egit
644 800 695 867 Ol.
715 807 788 883 102,
804 807 834 867 3.
877 793 1052 870 Parasitum
1075 829 1153 872 vero
1183 811 1266 878 haud

118 912 210 972 facile
231 909 391 975 diversum
412 907 569 986 stragica
595 909 760 985 habemus,
789 905 875 990 quod
906 909 939 970 in
970 911 1052 974 hunc
1081 925 1143 976 tam
1165 934 1267 979 mores

119 1013 266 1096 parasiti,
293 1033 388 1094 quam
410 1009 542 1074 dicteria
572 1013 650 1074 bene
678 1013 882 1090 conveniunt,
910 1011 1059 1096 quodque
1082 1018 1266 1084 Plutarchus

119 1117 211 1177 nullo
233 1115 297 1177 alio
321 1116 391 1178 loco
413 1112 452 1177 de
465 1113 603 1195 parasito
620 1114 745 1192 scribit,
767 1116 826 1178 etsi
840 1115 1042 1178 multifariam
1055 1117 1138 1182 idem
1156 1134 1266 1202 poetae

122 1219 314 1280 mentionem
329 1217 439 1296 iniicit.
483 1217 670 1300 Quanquam
689 1219 906 1282 Fabricius
924 1221 1017 1302 aliter
1034 1223 1092 1284 hac
1113 1221 1151 1284 de
1168 1245 1203 1286 re
1219 1229 1266 1302 ju-

122 1322 222 1400 dicat,
243 1323 359 1386 diserte
383 1322 461 1384 duos
483 1319 685 1400 distinguens.
729 1321 790 1386 Sed
816 1322 849 1384 in
877 1325 935 1385 hoc
964 1323 1026 1387 duo
1056 1324 1267 1390 1111000100-

122 1439 191 1505 tur,
228 1425 344 1507 quibus
373 1424 440 1486 illa
455 1431 539 1484 aetas
573 1423 702 1495 omnino
737 1424 881 1486 laborare
919 1438 1075 1506 coeperat.
1122 1427 1203 1490 Nam
1233 1430 1266 1492 in

122 1551 244 1592 summa
275 1546 449 1606 ganeonum
481 1529 574 1590 turba
603 1527 682 1590 adeo
711 1529 874 1606 excelluit,
904 1541 938 1590 ut
965 1531 1083 1606 largam
1105 1533 1266 1596 materiem

123 1646 154 1695 et
175 1632 377 1714 lepidissimis
399 1632 632 1696 narrationibus
656 1644 687 1694 et
708 1632 907 1697 irrisionibus
929 1635 1117 1701 comicorum
1135 1633 1266 1698 dederit.

123 1736 393 1812 Quemadmodum
414 1735 583 1800 Clearchus
604 1735 714 1801 scribit
738 1736 945 1800 Melambium
964 1738 1025 1800 sibi
1044 1739 1159 1800 collum
1181 1740 1266 1818 gruis
1336 1745 1343 1758 ’

125 1842 298 1922 optavisse,
326 1859 391 1924 quo
412 1841 522 1903 melius
544 1839 584 1900 iis
612 1837 827 1918 voluptatibus
859 1837 923 1900 frui
949 1850 1074 1917 posset,
1101 1861 1181 1922 quae
1211 1863 1267 1920 gu.

123 1955 206 2006 statu
235 1944 462 2024 percipiuntur.
490 1943 607 2004 Athen.
635 1941 660 2018 l,
685 1942 706 2000 6
729 1937 766 2000 C.
789 1939 860 2000 Xll.
889 1963 922 2020 p.
935 1943 998 2004 549
1024 1943 1062 2004 A.
1091 1942 1181 2004 Phot.
1208 1944 1267 2026 Ep.

124 2050 175 2108 88.
228 2044 322 2120 Quod
352 2056 462 2108 votum
497 2041 694 2122 Theophilus
729 2039 856 2122 quidam
884 2043 1060 2106 Philoxeno
1089 2045 1267 2128 assignarit,

124 2150 240 2209 Athen.
261 2150 285 2210 l.
299 2151 335 2224 1.,
356 2147 454 2231 idque
472 2158 601 2211 auctore
615 2145 797 2210 Aristotele.
819 2149 963 2226 Mures.
978 2149 1084 2213 Schol.
1105 2150 1136 2210 in
1156 2151 1266 2216 Horat.

125 2250 226 2313 Germ.
250 2253 288 2330 ll,
311 2254 362 2329 16,
376 2255 430 2316 30.
471 2250 642 2313 Ecomiois
664 2263 784 2327 autem,
817 2251 873 2332 qui
901 2253 1057 2316 luxuriem
1090 2258 1155 2330 ejus
1177 2257 1268 2317 casti-

125 2368 249 2436 garunt,
273 2357 468 2438 Archippus,
489 2357 727 2436 Aristophanes,
750 2355 894 2436 Eupolis,
914 2355 1035 2434 Leuso,
1067 2357 1267 2421 Pherecrates

124 2460 259 2522 citantur
281 2461 397 2521 Athen.
417 2459 504 2522 Vlll.
525 2482 557 2541 p.
572 2459 690 2539 34303
711 2459 814 2524 Schol.
837 2458 877 2523 ad
893 2460 995 2522 Arist.
1016 2463 1076 2551 Aa.
1097 2467 1176 2541 1513
1189 2462 1267 2528 ¹Pac.

125 2567 204 2641 804,
227 2565 308 2642 808,
329 2565 411 2641 8093
446 2561 524 2626 Suid
549 2584 576 2624 s.
597 2585 626 2626 v.
653 2559 858 2638 Μελάνθιος
886 2564 941 2628 saul
972 2561 1165 2648 Mdpoeube3
1205 2565 1266 2628 Eu·

123 2669 219 2730 stath.
241 2664 282 2727 ad
303 2667 395 2728 Hom.
418 2663 478 2729 Od.
498 2689 529 2748 p.
550 2669 645 2729 1817.
693 2666 786 2728 Hunc
807 2665 938 2745 Eupolis
963 2665 997 2727 in
1018 2686 1131 2747 magno
1154 2683 1267 2747 ganeo-

123 2792 198 2833 aum
220 2790 353 2832 numero
374 2771 494 2848 habuit,
516 2789 595 2852 quos
617 2771 733 2834 Callias
756 2769 795 2832 ad
818 2773 927 2850 epulas
947 2771 1159 2850 arcessiverat,
1181 2782 1266 2833 tanta

25 2895 30 2908 ·
124 2874 284 2938 edacitatis
304 2872 568 2950 famassoreutes,
597 2887 633 2934 ut
655 2895 757 2957 neque
778 2875 849 2953 igne
872 2873 1068 2952 dicerentur,
1097 2893 1154 2936 nec
1183 2873 1267 2936 lerro

125 3000 144 3039 a
165 2976 316 3040 conviviis
334 2994 426 3055 possa
447 2974 558 3038 arceri.
578 2976 663 3036 Plut.
684 2978 734 3037 An
753 2977 809 3054 ph.
831 2996 857 3035 c.
879 2975 939 3038 vir.
963 2977 1064 3056 princ.
1084 2998 1117 3055 p.
1136 2979 1199 3040 778
1213 2977 1267 3054 E.;

124 3079 162 3142 de
183 3081 454 3142 DiscrimAmic.
481 3091 513 3140 et
535 3077 629 3140 Adul.
655 3100 687 3159 p.
711 3080 752 3138 50
782 3077 837 3156 D.;
869 3076 1043 3138 Meinelt.
1075 3077 1157 3146 Hist.
1188 3077 1267 3138 Crit.

123 3207 154 3266 p.
165 3187 247 3263 1363
268 3184 391 3264 Fragm.
411 3182 501 3246 Com.
521 3182 577 3245 Gr.
592 3182 629 3244 T.
638 3183 662 3244 l.
680 3203 713 3262 p.
725 3182 801 3260 4873
822 3177 924 3242 Schol.
947 3177 988 3240 ad
1000 3177 1097 3240 Arist.
1116 3180 1267 3243 Passus.

123 3287 303 3351 Melneh.
331 3287 453 3364 Fragm.
475 3287 498 3347 l.
521 3287 542 3348 l.
587 3283 674 3360 Quae
703 3283 946 3364 intemperantia
973 3283 1105 3346 fortasse
1134 3283 1266 3347 scabiem

123 3391 218 3465 aluit,
247 3409 310 3470 qua
333 3388 394 3449 luit
412 3386 581 3470 aliquando
603 3389 746 3451 infectus.
798 3384 892 3467 Apud
914 3385 1156 3466 Aristophanem
1182 3387 1265 3453 enim

121 3490 310 3573 Euelpides,
332 3493 371 3552 ab
394 3512 499 3572 upupa
521 3502 658 3570 rogatus,
680 3509 779 3572 quare
806 3490 904 3552 nollet
918 3509 991 3550 cum
1012 3489 1267 3572 socioLepreum

123 3598 272 3677 migrare,
307 3613 371 3676 quo
392 3593 540 3676 Spartani
570 3591 654 3655 haud
683 3594 728 3656 ita
757 3596 857 3655 multo
878 3606 951 3654 ante
971 3595 1100 3656 ¹colonos
1126 3592 1266 3658 deduxe-

123 3711 205 3776 rant,
235 3700 296 3760 Av.
316 3701 389 3761 151:

382 3793 457 3882 dass)
478 3792 520 3884 νὴ
541 3794 625 3875 τούς
646 3792 772 3878 dassia,
793 3792 836 3872 dc
856 3793 919 3865 aris
938 3791 1036 3877 idaia,

314 3898 545 3988 βδελύττομαι
566 3895 628 3969 τὸν
648 3903 806 3984 Λέπρεον
828 3897 897 3966 alud
921 3898 1139 3978 Μελανθίου,

119 4007 201 4068 hanc
223 4008 332 4069 urbem
352 4016 485 4085 propter
504 4024 617 4066 nomen
640 4003 700 4066 sibi
724 4003 856 4066 invisam
879 4023 944 4064 esse
965 4005 1097 4080 latetur,
1118 3998 1204 4083 quod
1225 3997 1265 4060 de

119 4119 205 4169 tetro
226 4110 338 4169 morbo
349 4105 518 4168 Melanthii
540 4116 743 4167 commoneat.
786 4104 974 4166 Scholiasta:
997 4105 1062 4192 εἶχε
1077 4102 1112 4170 δὲ
1125 4095 1265 4168 Μελάν-

120 4217 199 4283 θιος
229 4211 369 4294 λέπραν.
400 4205 488 4271 Suid.
518 4227 544 4268 s.
565 4228 596 4270 v.
626 4201 807 4292 ssdsldoou.
856 4206 968 4289 Neque
989 4203 1021 4264 id
1048 4203 1140 4262 falso.
1182 4199 1263 4262 Nam

121 4311 206 4395 quod
231 4310 498 4375 Wielandius
520 4321 552 4372 et
572 4311 686 4372 Henr.
708 4309 876 4372 Vossius
897 4309 1086 4386 Lepreatas,
1114 4313 1263 4385 tauquam

119 4412 357 4477 multitudinem
392 4413 651 4477 manumissorum
684 4413 862 4486 hominum,
901 4411 987 4471 leves
1015 4418 1109 4489 atque
1147 4405 1262 4486 impios
