3076 4998
649 335 723 408 241

115 526 156 584 los
185 541 248 584 aste
276 524 386 584 ommno
413 515 517 604 (deos)
544 523 693 597 Diagoras
722 523 823 586 Melius
848 537 876 587 et
905 527 1066 590 ileadoras
1092 534 1262 615 Cyrenaicus

113 629 312 708 pataoemffl.
355 624 427 686 Pari
455 624 549 687 modo
575 625 760 690 Plutarchus
786 627 826 688 de
847 627 1015 708 Superstit.
1036 632 1077 710 V,
1097 638 1150 697 42.
1199 637 1261 702 Sed

115 731 224 801 altera,
240 726 414 790 sententiae
436 749 525 808 pars,
556 748 634 809 quae
655 728 738 790 inest
759 729 882 794 inillis
904 733 1062 809 versibus,
1092 736 1124 796 in
1147 737 1262 801 doctri·

116 853 188 894 nam
213 828 331 892 Critiae
353 831 584 911 optimecadit.
633 835 755 908 „Totam
785 841 873 911 anim,
904 847 939 896 ut
969 837 1073 899 verbis
1103 838 1263 906 Ciceronis

118 933 157 996 tle
179 933 252 996 Nat.
275 935 372 1008 Deor.
393 935 416 1011 l,
435 938 478 995 42
501 946 587 1010 riter,
618 937 654 996 sla
675 939 729 997 diis
757 941 958 1000 immortalibus
986 947 1137 1022 apamenam
1162 946 1262 1023 factam

117 1061 176 1100 essa
197 1041 267 1099 diar't
287 1041 325 1100 ab
349 1040 502 1100 tammam
522 1041 691 1120 sapientibus
710 1041 881 1122 reipublicae
899 1065 1013 1120 caussa,
1035 1059 1075 1122 ut,
1090 1069 1166 1129 ,ᾳιιοε
1189 1057 1264 1113 ratio

117 1165 173 1203 non
190 1153 301 1222 possm,
321 1165 368 1203 eos
389 1144 432 1204 ad
453 1141 577 1224 officium
599 1145 692 1220 religio
714 1145 855 1208 datram?
906 1145 941 1206 ln
964 1147 1023 1206 hoe
1045 1148 1126 1209 enim
1148 1151 1264 1231 placita

119 1245 346 1324 sophistarum,
368 1263 437 1303 cum
460 1255 567 1304 orator
587 1244 777 1326 lrublicoque
799 1245 880 1308 vitae
902 1247 1009 1324 generi
1030 1247 1153 1312 deditus
1174 1265 1263 1328 esset,

118 1367 211 1409 suum
232 1344 273 1408 ad
294 1347 458 1408 arbitrIum
478 1367 633 1430 usumque
650 1349 906 1412 accommodavit.
947 1353 1016 1413 Jarn
1038 1354 1087 1416 illi
1108 1355 1262 1438 quidquid

119 1463 240 1514 rectum
265 1453 440 1515 achonum
462 1453 648 1531 haberetur,
668 1453 701 1516 id
727 1477 796 1516 cum
817 1467 937 1516 rectum
958 1475 1017 1535 per
1038 1478 1070 1518 se
1092 1480 1126 1522 ac
1148 1461 1263 1523 bonum

119 1576 185 1617 non
207 1568 307 1634 esset,
328 1556 448 1634 legibus
470 1555 546 1617 olim
567 1559 716 1619 sancitum
738 1559 939 1639 moribusque
960 1579 1028 1620 esse
1049 1561 1264 1624 confirmatum

120 1670 306 1720 statuerant.
330 1659 428 1718 ¹Plat.
451 1657 546 1737 Gorg.
569 1682 599 1738 p.
619 1663 683 1722 482
704 1661 746 1739 E3
777 1658 815 1722 de
838 1661 912 1738 Lag.
938 1682 971 1739 p.
994 1666 1057 1725 889
1078 1665 1112 1742 Ε,
1140 1669 1203 1728 890
1219 1668 1264 1743 Aa

119 1764 247 1843 Protag.
274 1785 307 1843 p.
328 1765 391 1824 337
413 1762 463 1838 ὓς
491 1763 653 1823 Tlreaetet.
674 1783 707 1842 p.
730 1761 895 1845 172A1).
937 1763 1046 1846 ltaque
1069 1777 1105 1828 ut
1128 1767 1264 1846 singulas

120 1865 207 1928 ideae
228 1885 293 1926 nnn
316 1885 381 1927 esse
404 1877 599 1942 statuerunt,
632 1866 678 1926 sio
697 1863 812 1926 Critias
839 1865 966 1943 negavit
996 1887 1061 1928 esse
1090 1866 1199 1947 derrm,
1232 1871 1264 1932 in

120 1989 186 2053 quo
209 1968 338 2052 quidem
359 1989 467 2032 omnes
488 1970 606 2049 species
631 1989 692 2030 una
713 1982 815 2031 essent
836 1973 1026 2044 conjunctae.
1070 1971 1109 2032 Et
1129 1973 1176 2033 illi
1195 1974 1265 2055 qui·

118 2075 194 2137 dem
216 2074 368 2152 homines,
391 2093 458 2135 earm
482 2065 698 2137 convenissent
720 2073 803 2133 inter
824 2093 856 2133 so
879 2074 1024 2154 legesque
1043 2073 1197 2152 fecissent,
1217 2076 1266 2138 in·

119 2177 258 2241 stituiase
273 2189 436 2258 putarunt,
458 2175 532 2259 quid
550 2179 664 2238 bonum
681 2195 716 2237 ac
733 2196 842 2237 verrem
861 2188 940 2236 esset
960 2175 1153 2256 habendmn3
1175 2179 1266 2239 item·

120 2303 183 2365 que
209 2279 323 2341 Critias
345 2280 525 2359 opinionem
548 2278 696 2355 deorum,
725 2298 807 2359 quae
835 2288 946 2338 natura
977 2290 1096 2340 mentes
1127 2281 1265 2341 omnium

118 2385 251 2460 imbuit,
274 2403 314 2445 ex
336 2381 467 2444 fortuito
481 2379 615 2443 'decreto
640 2380 731 2442 unitis
753 2381 816 2444 viri
838 2379 979 2442 deduxit.
1022 2381 1159 2446 Accessit
1181 2382 1266 2465 quod

118 2487 300 2568 ingeniosus
322 2487 452 2565 juvenis,
474 2487 508 2547 in
531 2507 594 2569 quo
618 2484 757 2566 egregiae
779 2503 864 2564 opes,
886 2485 1101 2568 maximaeque
1121 2485 1266 2548 fortunae

118 2595 172 2655 vel
193 2591 412 2667 temeritatem,
426 2589 486 2652 'v'el
501 2589 651 2669 insignem
669 2586 828 2652 audaciam
844 2586 878 2648 in
895 2585 961 2650 dies
976 2589 1140 2668 augebant,
1159 2591 1267 2668 paullo

119 2695 263 2770 liberius,
285 2714 379 2776 quam
401 2691 577 2774 Euripides,
597 2713 711 2754 novam
730 2711 767 2752 aa
785 2691 878 2772 plane
898 2690 1072 2754 inauditam
1094 2689 1266 2754 doctrinam

119 2799 161 2862 ad
189 2795 391 2878 splendorem
420 2795 564 2876 publicae
594 2795 678 2856 vitae
707 2793 891 2872 augendum.
910 2793 1069 2874 protessus
1099 2805 1162 2870 eat,
1198 2815 1267 2856 cum

118 2911 217 2986 poe'ta
239 2911 326 2962 tanta
348 2899 476 2960 audacia
497 2895 580 2958 harad
602 2895 695 2956 dubie
718 2896 895 2972 dubitaret,
908 2897 1039 2974 gratiam
1060 2896 1175 2958 civium
1196 2919 1269 2977 per·

119 3007 217 3082 dere,
246 3025 341 3086 quam
362 3003 569 3084 perlongum
591 2997 674 3060 vitae
696 2999 832 3080 spatium
854 2997 914 3058 aiat
935 3009 1181 3077 contristaverat.
1228 2999 1268 3058 Et

117 3109 180 3172 W.
208 3107 294 3168 Ern.
322 3107 512 3170 Weberos
542 3101 581 3164 de
605 3101 684 3162 Crit.
708 3123 741 3182 p.
763 3102 805 3162 17
833 3111 1019 3182 tyrannum,
1047 3100 1102 3181 qui
1124 3102 1213 3162 exsul
1235 3101 1268 3167 in

118 3209 313 3274 Thessaliam
338 3212 453 3283 ejectus
477 3211 540 3281 es't,
564 3205 711 3284 Xenoph.
732 3203 857 3263 Hellen.
878 3202 917 3280 ll,
941 3205 997 3278 ts,
1017 3201 1187 3281 impietatis
1209 3202 1269 3262 cri·

118 3315 207 3377 mine
238 3309 418 3372 damnatum
448 3321 514 3371 asse
539 3307 728 3388 suspicatur.
777 3307 858 3368 Eam.
883 3304 1014 3368 veroin
1039 3323 1128 3366 scena
1151 3303 1269 3383 optime

117 3417 231 3502 potuit
253 3413 429 3482 ostendere.
476 3411 555 3475 Erat
574 3422 681 3472 autem
705 3411 738 3472 in
765 3408 894 3486 labulia,
927 3429 1006 3490 quae
1035 3405 1073 3469 ad
1100 3405 1270 3488 SIsypltum

117 3519 343 3606 pertinebant,
365 3525 581 3595 argumentum
605 3512 784 3593 tragoediae
804 3513 970 3590 idoneum,
991 3507 1077 3593 quod
1099 3509 1270 3590 Aeschylus

123 3620 266 3708 Σισύφῳ
286 3613 539 3706 ’Πετροκυλισνιῇ
563 3619 704 3696 subjecit.
755 3617 963 3681 Weleker.
992 3614 1113 3692 Trilog.
1142 3634 1175 3692 p.
1197 3613 1271 3676 551.

118 3725 443 3791 Aristot.Poe‘t.18.
487 3718 734 3800 'Et-Euripides,
766 3739 831 3782 nan
852 3730 917 3781 tam
939 3718 1049 3780 aetatis
1071 3735 1145 3792 usu,
1177 3731 1271 3793 quam

119 3849 200 3894 suae
227 3826 418 3910 proprietati
445 3827 626 3901 obsecutus,
655 3823 795 3886 servavit
817 3819 973 3905 quandam
994 3817 1097 3900 poesia
1118 3824 1271 3904 naturam,

120 3951 194 3996 eum
215 3928 260 3991 ³iu
294 3949 416 3992 summo
446 3931 511 4005 ejus
541 3927 669 4006 ingenio
700 3926 819 4007 speeies
850 3941 1055 4006 personarum
1084 3913 1270 3980 insiderent.

196 4113 228 4186 1)
246 4111 347 4166 Similia
366 4122 404 4166 est
422 4110 555 4182 quaedam
575 4109 668 4180 opinio
687 4109 721 4164 da
739 4109 785 4178 iis,
812 4107 859 4190 qui
878 4106 1026 4192 civitatibus
1048 4103 1105 4174 jura
1124 4094 1272 4166 descripse-

123 4204 194 4270 rint,
222 4223 266 4275 ap.
283 4200 341 4256 cic.
358 4200 391 4254 de
413 4201 478 4271 Rep.
497 4197 518 4266 l,
537 4203 562 4251 2.
598 4197 763 4270 Quanquam
788 4195 837 4250 bos
862 4185 910 4248 ille¹
932 4203 1008 4264 putat
1033 4208 1089 4244 non
1113 4197 1167 4240 tam
1191 4184 1271 4254 ipsos,

126 4291 192 4366 quid
212 4287 314 4346 bonurn
334 4281 455 4360 quidque
473 4305 585 4360 pravum
605 4297 686 4352 esset,
706 4287 738 4340 ad
758 4286 899 4340 arbitrium
917 4289 995 4336 s'uum
1012 4279 1052 4333 vel
1070 4273 1214 4340 invenisse,
1232 4271 1272 4325 vel

125 4381 283 4446 instituisse,
312 4375 356 4431 sed
376 4377 480 4448 legibus
498 4373 712 4441 confirmavisse,
739 4393 794 4446 quo
813 4370 909 4424 melius
926 4369 995 4424 cives
1013 4363 1046 4421 ael
1064 4366 1188 4420 virtutem
1206 4359 1273 4416 edu-

126 4479 261 4523 careatur.

948 4562 988 4622 16
