3044 4982
786 327 900 377 xxtv

273 511 368 576 quarn
392 489 508 572 quibus
530 489 731 569 argumentis,
751 487 930 572 quibusque
951 485 1125 552 sationibus
1142 487 1329 552 molestiam
1344 509 1426 552 oon·

272 593 489 672 firmavissent,
512 589 693 672 diligentius
714 589 975 677 quaereretur.¹).
1017 594 1123 676 Atque
1141 593 1195 654 ubi
1210 592 1271 656 loci
1284 590 1326 656 ed
1343 615 1426 656 eno-

273 695 407 762 dandam
428 695 492 760 uim
510 693 694 773 dictionum,
714 707 769 758 aut
789 695 956 779 antiquum
974 697 1080 758 rerum
1103 705 1217 770 statum
1241 694 1426 760 describen-

273 798 348 862 dum
369 809 608 880 comparantur,
641 817 711 859 cum
733 795 772 860 de
795 797 921 878 tragicis
942 811 1055 878 egunt,
1085 799 1206 862 fabulae
1228 799 1425 880 principum,

272 921 330 964 nec
353 914 476 966 eeteros
501 900 690 983 respiciunt,
720 899 761 962 de
782 901 896 984 quibos
917 901 952 964 in
972 903 1031 964 hnc
1051 900 1223 982 scriptione
1246 900 1426 984 disputabi-

273 1023 352 1066 mus.
396 1002 607 1082 Quamobrem
629 1017 682 1069 aut
702 1005 809 1068 omnia
829 1007 1037 1084 neglexerunt
1058 1003 1218 1068 doctrinae
1240 1005 1424 1086 specimina,

273 1119 329 1170 aut
353 1128 389 1170 ea
412 1110 641 1191 praetulerunt,
662 1129 743 1190 quae
766 1124 825 1170 noe
846 1129 957 1189 parum
978 1109 1126 1170 hocloco
1147 1112 1262 1186 juvare·
1277 1120 1423 1190 possunt.

272 1209 403 1274 Nullum
429 1211 528 1294 igitur
554 1211 588 1273 in
617 1211 744 1274 scholiis
770 1212 936 1298 Aeschyli,
962 1209 1110 1289 Pindari,
1137 1209 1424 1274 16666ῐί1166ὴεί-

272 1310 359 1377 dium
388 1313 487 1395 inest,
519 1316 642 1378 nullum
673 1314 791 1378 uetusti
814 1325 975 1378 oratorum
993 1315 1212 1396 interpretes,
1244 1314 1315 1376 lere
1338 1323 1423 1376 'vero

273 1415 370 1478 ceteri
389 1417 545 1497 afferunt,
574 1419 689 1503 quibus
714 1417 954 1482 commentarios
975 1416 1081 1496 Arati,
1109 1415 1306 1494 Aristotelis,
1328 1414 1423 1478 Euri·

272 1517 373 1600 pidia,
395 1521 552 1601 Platonis,
578 1523 746 1605 Sophoclis
768 1521 927 1586 debemus.
969 1521 1082 1603 Neque
1103 1520 1158 1582 illa
1177 1519 1309 1584 Homeri
1331 1521 1423 1582 scho-

272 1620 316 1684 lia
335 1621 506 1688 admodum
526 1626 650 1704 juvebit
670 1626 874 1708 percurrisse,
895 1642 975 1708 quae
997 1623 1277 1688 Villoieonius
1298 1623 1422 1704 aliquot

272 1725 386 1788 abhinc
406 1727 498 1791 annis
521 1750 539 1791 e
559 1729 717 1794 codicibus
731 1730 866 1792 Venetis
886 1728 1031 1811 protulit.
1074 1729 1123 1790 De
1141 1726 1304 1790 Eustathio
1325 1725 1420 1788 nobis

271 1826 357 1892 idem
378 1831 568 1897 contendere
588 1833 679 1910 licet,
705 1831 793 1915 quod
813 1832 1111 1913 Valckenarius,
1141 1827 1332 1892 certissimus
1354 1830 1421 1904 ejus

272 1931 477 2012 existimator,
498 1933 631 2013 invenit,
659 1931 744 1996 baud
767 1932 845 1996 elios
865 1934 965 1998 libros
986 1937 1025 1997 ab
1048 1955 1088 1998 eo
1107 1935 1140 1995 in
1162 1953 1253 1994 usum
1275 1951 1341 1992 esse
1363 1949 1422 1992 vo·

175 2037 180 2058 ’
273 2045 374 2114 catos,
407 2057 501 2119 quam
531 2055 610 2119 quos
638 2036 700 2117 ipsi
723 2041 894 2118 'possumus
921 2036 1100 2100 etiamnum
1128 2032 1288 2097 adbibere.
1336 2031 1420 2096 Nam

272 2157 354 2220 quae
375 2138 437 2200 huc
456 2140 635 2220 pertinent,
666 2161 708 2204 ex
727 2141 889 2203 Athenaeo
918 2137 1099 2220 descripsit,
1129 2163 1149 2202 a
1177 2159 1242 2222 quo
1265 2138 1419 2223 6116663-

273 2251 363 2303 centn
390 2242 519 2324 aceepit.
573 2244 713 2326 Spaan.
741 2243 782 2306 dc
810 2244 1000 2326 Antiphont.
1027 2264 1080 2324 ap.
1107 2241 1263 2306 Friedem.
1290 2265 1323 2324 p.
1347 2245 1418 2306 167.

271 2341 354 2406 Hinc
375 2345 458 2406 enim
479 2346 582 2410 locum
604 2346 777 2427 Agathonie
805 2344 934 2432 (Athen.
955 2346 1170 2428 Χ11.Ρ.628.
1213 2345 1359 2408 Ε661611ι.
1377 2343 1417 2407 66

271 2446 308 2508 ll.
330 2461 368 2526 ψ.
390 2468 424 2527 p.
442 2446 557 2533 1292),
590 2450 674 2514 lonis
695 2449 825 2536 (Athen.
846 2450 900 2511 Xl.
922 2471 956 2530 p.
973 2451 1048 2512 468.
1090 2450 1234 2514 Eustath.
1257 2474 1291 2533 p.
1311 2449 1419 2535 1300),

273 2547 498 2614 Chaeremonis
519 2551 650 2636 (Athen.
670 2555 707 2616 ll.
727 2575 764 2633 Ρ.
777 2556 832 2616 43.
853 2553 935 2616 Xlll·
957 2575 990 2634 Ρ.
1005 2555 1080 2616 6118.
1113 2555 1255 2621 Eustath.
1275 2577 1308 2636 p.
1324 2557 1418 2634 atet,

274 2649 373 2735 1658)
399 2653 528 2734 recepit.
570 2655 682 2737 Neque
710 2652 750 2717 de
770 2655 905 2716 Taetzae
936 2654 1080 2719 doctrina
1100 2658 1193 2721 aliter
1220 2655 1418 2735 judicandum

272 2765 330 2816 eet.
373 2753 454 2817 Nem
477 2756 609 2822 fortasse
630 2777 757 2822 uersum
781 2757 966 2834 Melanthii,
988 2758 1029 2820 ad
1050 2759 1178 2824 Hesiod.
1197 2783 1230 2844 Ρ.
1251 2764 1293 2824 82
1313 2762 1419 2842 prole-

272 2865 358 2933 tum,
388 2856 475 2946 apud
500 2859 703 2922 Plutarchum
731 2860 782 2921 De
803 2857 914 2921 Cohib.
936 2860 1028 2922 lra2
1054 2863 1188 2926 invenit.
1232 2863 1417 2945 Quanquam

272 2957 342 3019 erui
360 2977 425 3021 non
446 2971 569 3041 potest,
596 2961 680 3025 unde
702 2963 912 3042 fragmentum
932 2962 1105 3048 Phrynichi
1125 2967 1311 3051 sumpserit,
1333 2967 1417 3049 quod

271 3059 310 3125 ad
331 3061 489 3145 Lycophr.
514 3063 663 3130 (lassand.
683 3069 748 3130 433
770 3065 876 3129 habet.

355 3165 419 3232 Sed
441 3168 521 3232 nilril
542 3170 608 3234 fere
630 3173 730 3234 bonae
759 3168 859 3250 frugis
889 3189 930 3232 ex
959 3179 1100 3234 veterum
1130 3167 1255 3249 scriptis
1282 3167 1416 3250 percipi·

269 3289 356 3348 mus,
381 3272 497 3354 quibus
519 3293 570 3334 res
592 3271 810 3351 grammaticae
831 3283 1048 3353 exponuntur.
1089 3269 1171 3333 Nam
1193 3272 1249 3353 qui
1270 3273 1416 3334 1166616-

271 3371 444 3452 liquerunt,
464 3374 585 3436 fabulas
601 3373 790 3456 principum,
810 3396 906 3459 quam
923 3376 1056 3439 aliorum
1074 3395 1144 3437 com
1161 3386 1298 3456 propter
1314 3373 1415 3454 61511-

270 3480 385 3550 tatem,
415 3484 483 3538 tum
512 3496 549 3539 ea
573 3475 612 3540 de
637 3498 743 3542 caussa
770 3477 899 3541 laudare
921 3480 1117 3554 maluerunt,
1146 3476 1232 3560 quod
1254 3477 1415 3542 nouissimi

271 3571 390 3655 quique
412 3575 600 3656 tragicorum
622 3579 655 3643 id
677 3581 780 3662 ipsum
804 3579 928 3643 dicendi
950 3581 1237 3660 genueconeectati
1258 3581 1413 3662 ridentur,

270 3675 356 3758 quod
369 3679 503 3759 cornicis,
517 3681 664 3765 quodque
676 3683 854 3746 oratoribus
868 3682 1004 3745 maxime
1015 3684 1182 3766 proprium
1197 3684 1282 3762 fuit.¹
1311 3683 1413 3758 Quare

270 3781 369 3846 libros
390 3785 552 3866 Apollonii
572 3785 797 3863 Alexandrini,
825 3785 972 3869 Dionysii
992 3787 1135 3866 Thracis,
1165 3787 1413 3868 Hephaestionis,

269 3885 442 3949 Herodiani
462 3887 602 3970 itemque
624 3888 851 3964 Choerobosci,
880 3887 1064 3968 Diomedis,
1091 3888 1301 3971 Melampodis
1322 3888 1412 3951 alios·

270 4007 331 4070 que
353 3987 567 4071 nequidquam
588 3990 770 4053 excusseris.
813 3990 905 4054 Unde
922 4003 1020 4073 patet,
1040 3991 1174 4072 criticos,
1194 4012 1264 4054 cum
1281 3991 1336 4054 illa
1352 4002 1412 4054 sta-

269 4091 418 4169 tuissent,
447 4091 511 4164 uim
532 4093 668 4186 aliquam
689 4092 722 4155 in
751 4091 855 4156 studia
883 4114 992 4157 eorum
1019 4094 1180 4172 habuisse,
1214 4094 1270 4175 qui
1291 4094 1411 4172 regulas

339 4324 370 4395 t)
387 4324 520 4382 Nimirum
538 4327 604 4383 hacc
622 4301 683 4385 tuit
690 4330 812 4402 jejunitas
829 4331 891 4400 illa,
917 4349 997 4403 quam
1017 4331 1043 4384 in
1064 4327 1161 4384 Photio
1179 4327 1325 4386 liuhnle
1337 4329 1411 4392 nius

267 4411 330 4467 llist.
350 4413 415 4470 Crit.
434 4417 659 4489 1631163666.
