3086 4992
822 307 873 382 98

280 496 343 564 ede
364 491 613 582 sogtndonosde·
656 493 708 558 Sic
727 493 760 554 in
782 491 871 554 libris
891 490 1039 555 mendose
1060 490 1185 572 legitur,
1204 491 1319 575 quibus
1341 517 1425 578 epu-

279 594 467 684 ygsdsuetds
499 617 560 679 pro
593 593 832 682 nonencorte
867 599 1044 672 conjectura
1075 595 1269 676 reponimus.
1325 597 1425 679 Atqui

280 715 430 785 tyrannus
448 695 606 780 regnum,
638 697 688 764 Ol.
713 701 824 777 103‚t
857 698 1061 780 capessitum,
1091 695 1142 766 Ol·
1167 702 1278 776 tout
1311 699 1425 767 amisit.

281 805 425 868 Fortasse
447 805 496 867 hic
517 801 681 880 Curinus,
701 801 850 864 Xenoclis
872 801 971 880 lilius,
993 822 1063 865 cum
1085 801 1229 882 plurimis
1251 801 1427 883 tragoedis·

281 929 353 972 rum
380 908 601 990 speciminibus
630 902 756 968 leudem
785 903 997 987 nequidquam
1028 903 1083 976 diu
1106 919 1280 988 aucupatus
1306 906 1426 983 luisset,

280 1015 382 1098 patria
403 1015 523 1092 relicta,
543 1012 582 1074 ad
605 1011 805 1094 peregrinum
827 1031 932 1090 regem
954 1031 987 1072 se
1009 1010 1151 1090 contulit,
1178 1017 1265 1090 eujus
1286 1010 1427 1091 hospita·

280 1118 369 1180 litate
397 1139 433 1178 ac
459 1119 622 1180 literarum
645 1135 751 1178 amore
781 1116 949 1178 lrueretur.
996 1111 1059 1176 Sed
1081 1112 1194 1178 Suides
1215 1124 1343 1195 prester
1362 1112 1426 1176 dno

281 1221 445 1299 Carcinos,
476 1228 582 1302 potitae
602 1220 754 1298 tragicos,
783 1219 992 1280 Athenienses
1013 1237 1127 1297 genere
1134 1260 1145 1296 ,
1173 1239 1273 1280 unum
1292 1235 1427 1280 comme·

281 1337 381 1387 morat
403 1324 641 1404 Agrigentinum
660 1342 685 1384 s.
701 1343 733 1384 v.
754 1321 939 1405 Καρκίνος,
959 1317 1237 1404 Ἀκραγανιῖνος,
1257 1318 1428 1404 sperande,

281 1449 373 1510 quem
402 1441 487 1490 arcte
517 1448 586 1489 cum
614 1425 764 1488 Xenoclis
793 1424 860 1486 filio
890 1423 1000 1504 jungit.
1043 1421 1137 1488 Unde
1150 1423 1238 1494 ‚mna
1259 1422 1427 1487 sententie·

280 1551 350 1592 rum
371 1531 506 1594 varietas
528 1553 563 1592 ec
584 1528 792 1612 discrepantia
814 1526 916 1590 fluxit.
958 1525 1040 1588 Nam
1057 1524 1267 1608 Gyraldos
1284 1525 1323 1591 de
1338 1528 1427 1590 Poe't.

280 1633 362 1696 llist.
390 1656 422 1714 p.
445 1635 504 1696 271
530 1632 575 1696 ita
597 1631 726 1698 Suidsm
754 1630 913 1716 sequitur,
940 1641 976 1694 ut
1004 1629 1197 1694 mentionem
1218 1629 1425 1709 Agrigentini,

280 1757 373 1818 quem
395 1737 566 1820 Dionysius
588 1737 727 1817 hospitio
757 1735 934 1816 exceperit,
968 1737 1007 1798 ab
1033 1734 1223 1812 Aristotele,
1254 1733 1428 1808 Athenaeo,

280 1836 424 1902 Diodoro
447 1842 560 1904 factam
580 1839 754 1915 existimet,
782 1839 912 1903 alterius
932 1851 1052 1916 nutem,
1082 1838 1223 1900 Xenonis
1245 1836 1326 1913 neti,
1355 1855 1426 1898 cum

280 1944 355 2005 aliae
377 1943 506 2021 labulas,
529 1955 595 2004 tum
618 1943 772 2005 Achillem
793 1962 829 2004 ec
849 1941 1004 2007 Semelam
1026 1943 1121 2006 luisse
1144 1941 1269 2006 scribet.
1312 1940 1341 2002 A
1362 1957 1427 2020 quo

280 2045 432 2108 sententie
455 2044 603 2106 Voseii
624 2063 689 2104 non
713 2047 846 2106 multum
868 2044 996 2121 recedit,
1023 2046 1080 2126 qui
1102 2043 1337 2120 Atheniensem,
1355 2039 1430 2102 Phi·

280 2147 360 2226 lippi
383 2148 560 2228 aequalsm,
581 2147 632 2208 cni
652 2146 805 2208 Achillem
826 2168 863 2209 ac
883 2146 1036 2210 Semelam
1060 2148 1185 2225 tribuit,
1208 2165 1365 2230 quemque
1388 2144 1427 2204 ab

281 2251 490 2331 Aristophane
518 2261 667 2314 vexetum
697 2261 819 2328 censet,
848 2250 1021 2314 aCarcino
1043 2249 1247 2330 Agrigentino
1269 2248 1427 2312 diversum

280 2355 389 2429 habet,
417 2353 502 2415 Pluti
523 2354 694 2433 scriptore,
722 2372 816 2434 quem
839 2354 1017 2418 Athenaeus
1039 2354 1192 2418 citaverit.
1234 2350 1297 2416 Sed
1318 2352 1425 2414 unbos

281 2455 391 2518 eodem
420 2467 561 2536 tempore
589 2454 705 2517 uixisse
728 2455 911 2519 arbitratui.
961 2459 1070 2539 ltaque
1099 2456 1254 2522 seniorem
1282 2475 1350 2516 curn
1377 2457 1427 2530 ju·

281 2559 370 2620 niore
402 2555 559 2634 confudit,
591 2577 770 2642 quanquam
803 2560 942 2641 nequalia
970 2560 1111 2642 Philippi
1144 2561 1183 2622 ab
1215 2558 1425 2638 Aristophane

280 2660 521 2743 haudquaquam
546 2661 656 2724 vexari
676 2663 792 2742 potuit.
835 2663 1012 2745 Adest-ipsit
1032 2663 1167 2747 denique
1188 2661 1428 2744 Agrigentinum

280 2764 380 2828 eidem
403 2764 557 2845 tempori;
590 2763 694 2846 quod,
723 2787 821 2848 quare
845 2767 970 2846 iecerit,
999 2768 1090 2832 nobis
1111 2787 1176 2830 non
1197 2767 1307 2849 liquet.
1355 2762 1428 2840 Qua

280 2866 319 2930 de
342 2887 376 2928 re
398 2867 474 2948 quid
496 2865 711 2946 Mongitor
732 2869 885 2932 Biblioth.
906 2870 1003 2935 Sicul.
1023 2873 1061 2936 T.
1082 2873 1106 2934 l.
1133 2893 1166 2952 p.
1182 2873 1243 2934 122
1268 2867 1428 2945 statuerit,

280 2967 365 3048 apud
387 2969 622 3032 Fabricium
645 2970 727 3032 Bibl.
749 2970 804 3034 Gr.
824 2972 862 3036 Τ.
878 2975 917 3036 ll.
939 2995 973 3055 p.
988 2978 1052 3038 290
1072 2972 1242 3038 indicatum
1263 2985 1321 3038 est.
1364 2970 1426 3036 Sed

280 3073 530 3136 Welckerns
554 3073 765 3156 antiquiorem
787 3075 889 3152 illum,
912 3075 950 3140 de
972 3095 1036 3160 quo
1060 3099 1154 3159 supro
1175 3077 1321 3159 pluribus
1342 3075 1426 3138 dixi·

279 3195 366 3252 mus,
395 3176 558 3256 Agrigenti
586 3191 711 3257 natum,
743 3179 883 3242 Athenae
911 3181 1091 3261 pervenisse
1120 3179 1246 3263 ibique,
1278 3200 1347 3240 cum
1368 3176 1425 3240 diu

280 3291 488 3341 commoratus
519 3291 618 3354 esset,
654 3280 877 3344 Atheniensem
909 3296 1122 3365 nuncupatum
1151 3284 1332 3346 arbitratur.
1384 3281 1426 3345 Et

279 3380 517 3457 Agrigentinum
539 3380 745 3443 Miillerus
772 3397 898 3462 prester
917 3388 1139 3462 Atheniensem
1165 3387 1316 3466 agnoscit.
1357 3384 1426 3446 Nos

279 3492 397 3540 eutem.
414 3480 635 3544 Atheniensem
668 3483 805 3564 primum
834 3488 1002 3572 Syracusae
1033 3491 1169 3568 venisse,
1202 3501 1291 3570 poet,
1327 3492 1425 3565 ejecto

281 3579 432 3665 Dionysio
454 3595 606 3666 manno,
634 3588 838 3668 Agrigentum
859 3594 1044 3656 concessisse
1066 3605 1229 3675 putamus,
1252 3603 1287 3653 ut
1305 3611 1346 3654 ex
1367 3592 1425 3652 hac

279 3686 373 3763 urbe,
396 3689 483 3750 velut
505 3688 603 3750 altera
624 3692 746 3771 patria,
770 3694 989 3774 Agrigentinus
1010 3697 1190 3762 nominatus
1211 3694 1263 3757 sit.

363 3788 495 3854 Fabulae
517 3792 642 3873 scripsit
665 3808 790 3860 centum
810 3799 986 3878 sexaginte,
1007 3800 1121 3882 quibus
1142 3797 1307 3864 victoriam
1329 3797 1425 3858 semel

278 3905 461 3955 consecutus
483 3907 540 3956 est.
586 3895 674 3958 Suid.
696 3919 721 3959 s.
742 3919 774 3960 v.
796 3895 953 3985 δράματα
977 3901 1011 3970 di
1033 3903 1184 3980 ἐδίδαξεν
1207 3894 1265 3984 ρξ’,
1294 3899 1425 3982 ἐνίκησε

276 3989 313 4058 dl
336 3990 378 4058 α’.
422 3995 538 4061 Eudoc.
555 3998 575 4060 l.
591 3999 613 4064 l.
656 4001 702 4060 Ac
723 4001 854 4080 fabulas,
873 4024 1006 4084 quarum
1029 4003 1080 4068 nel
1102 4003 1238 4081 nomina,
1258 4003 1311 4066 rel
1330 4002 1424 4067 etism

276 4094 428 4176 reliquiae
451 4101 541 4164 nobie
563 4115 747 4182 supersunt,
764 4122 812 4168 „so
835 4105 938 4169 minus
961 4107 1033 4170 huic
1054 4106 1214 4172 uindicare
1235 4105 1426 4184 dubitamus,

275 4194 361 4276 quod
384 4202 535 4264 memoris
556 4205 702 4283 alterius,
723 4205 763 4267 de
785 4226 849 4288 quo
872 4228 967 4290 supra
992 4209 1110 4272 dictum
1132 4221 1195 4289 est,
1216 4221 1281 4270 tam
1302 4221 1424 4272 mature

276 4295 437 4412 obscurata
458 4314 522 4380 est,
551 4317 587 4369 ut
607 4320 728 4372 vetares
750 4311 943 4390 grammatici
963 4334 1004 4376 ns
1025 4333 1162 4379 carrssun
1183 4310 1312 4395 quidem
1334 4311 1424 4377 inre·

277 4413 396 4479 nerent,
429 4425 484 4466 cur
512 4408 665 4474 seniorem
693 4431 712 4472 a
736 4413 859 4487 iuniore
888 4429 1029 4480 aestuata
1051 4417 1174 4496 generis
1196 4415 1422 4495 significatione
