3044 4982
806 299 856 370 50

262 487 351 569 cipue
373 483 503 561 accidit,
524 482 638 566 quibus
660 481 820 544 comoedia
846 499 909 543 non
932 480 1026 544 valde
1058 481 1209 563 pepercit.
1252 481 1406 560 Quocirca

261 601 297 650 ut
314 586 396 650 ratio
419 607 526 650 eorum
551 585 680 666 probari
701 587 825 668 nequit,
856 585 999 666 quirem
1021 596 1086 646 tam
1107 585 1282 648 mirabilem
1309 601 1407 670 atque

261 693 425 752 obscuram
446 712 465 751 a
482 688 656 752 scholiastis
672 689 803 770 aliisque
818 687 931 749 ducere
947 698 1116 764 conantur,
1138 700 1308 769 propterea
1321 691 1406 772 quod

262 813 366 871 error,
398 797 490 874 longe
511 794 637 874 lateque
664 805 793 874 patens,
822 811 879 852 nec
910 789 1017 852 subito
1045 791 1268 869 grammaticis,
1302 814 1406 876 neque

261 897 353 958 aliter
378 899 516 974 objectus
544 907 609 972 est,
648 894 709 958 nisi
738 893 849 957 codem
869 891 964 956 modo
985 905 1147 973 peccantes
1169 892 1278 956 eadem
1299 915 1406 958 caussa

260 998 384 1080 decepti
405 1010 492 1074 sunt3
513 998 558 1060 sic
579 999 731 1077 alterurn,
750 996 835 1081 quod
860 999 918 1060 boc
940 1008 1025 1059 certo
1043 1005 1208 1076 poetarum
1230 995 1335 1060 ordini
1356 1020 1406 1062 ac·

261 1101 351 1181 cidit,
375 1098 517 1164 difficiles
539 1100 647 1182 utique
669 1101 755 1164 locos
776 1101 932 1175 illustrat,
964 1110 999 1160 ut
1019 1119 1038 1160 a
1060 1098 1288 1179 suspicionibus
1310 1113 1406 1184 atque

202 1273 206 1280 ¹
261 1191 505 1266 correctionibus
534 1201 743 1283 interpretum
773 1213 951 1264 constanter
980 1199 1191 1264 vindicentur.
1234 1202 1315 1264 Nam
1337 1204 1406 1266 ubi·

258 1325 383 1388 cunque
405 1316 526 1386 poetae,
545 1324 682 1388 quorum
703 1306 791 1367 nulla
812 1325 951 1386 unquam
975 1323 1073 1384 opera
1095 1304 1129 1364 in
1152 1304 1269 1366 comico
1291 1325 1404 1384 genere

260 1409 335 1486 luit,
372 1409 406 1470 in
434 1412 531 1472 choro
563 1411 752 1472 comicorum
782 1408 893 1471 baberi
922 1406 1088 1484 sidentur,
1120 1407 1290 1487 scriptores
1322 1408 1404 1470 nibil

260 1510 348 1573 aliud
369 1509 472 1572 dicere
495 1514 681 1590 voluerunt,
709 1533 804 1594 quam
832 1533 851 1572 a
873 1509 997 1572 comicis
1019 1529 1072 1571 eos
1090 1508 1199 1571 irrisos
1221 1509 1325 1572 luisse
1367 1511 1404 1570 ln

260 1632 325 1696 quo
346 1632 406 1674 nos
425 1635 555 1694 parum,
576 1627 631 1677 aut
653 1615 733 1676 nihil
753 1627 874 1692 moret,
905 1612 1009 1696 quod,
1041 1610 1153 1676 studiis
1175 1631 1300 1691 eorum,
1321 1634 1403 1694 quae

259 1716 393 1798 quisque
418 1717 539 1792 bajulus
560 1729 705 1797 noverat,
727 1716 965 1798 praetermissis,
986 1713 1079 1777 modo
1103 1715 1207 1776 locum
1226 1716 1403 1780 materiam·

259 1837 322 1899 que
345 1815 482 1880 vexandi
504 1818 683 1881 comoediae
702 1819 884 1900 praebuisse
906 1816 1063 1878 dicuntur.
1112 1817 1217 1897 Atque
1243 1818 1305 1880 boo
1327 1837 1404 1898 pro-

259 1920 393 1983 babilior
423 1919 458 1983 lit
490 1937 597 1987 noema
629 1923 781 2004 suspicio,
808 1941 873 2005 quo
902 1921 1000 2001 magis
1026 1918 1236 1984 conditionem
1263 1921 1404 1984 locorum

259 2024 524 2104 contemplamur,
551 2026 606 2106 qui
629 2024 686 2085 tali
706 2023 786 2088 vitio
808 2025 963 2084 laborant.
1006 2021 1069 2098 Qui
1096 2043 1167 2086 cunr
1188 2023 1348 2104 ingenium
1368 2045 1404 2086 ac

258 2143 360 2187 mores
380 2147 399 2185 a
422 2126 546 2188 comicis
574 2127 685 2188 irrisos
714 2125 902 2188 adumbrant
909 2171 918 2204 ,
951 2138 1019 2187 tum
1052 2146 1092 2188 ex
1122 2127 1187 2190 illis
1218 2127 1284 2189 iere
1314 2127 1403 2190 libris

259 2248 367 2292 omnes
392 2227 484 2309 petiti
506 2239 594 2307 sunt,
617 2230 730 2311 quibus
753 2229 876 2312 antiqui
897 2229 1068 2310 scriptores
1091 2231 1272 2293 memoriam
1293 2249 1402 2294 eorum

258 2333 476 2416 reliquerunt,
513 2350 593 2415 quos
628 2331 788 2395 comoedia
820 2335 901 2395 male
934 2333 1087 2394 babuerat
1099 2331 1138 2417 ¹).
1190 2331 1269 2409 Quis
1297 2345 1402 2396 autem

259 2431 407 2519 αοιηκὴκ
428 2433 601 2521 κωμῳδίας
621 2455 875 2518 unumquemque
904 2448 995 2516 neget
1024 2436 1130 2498 vocari
1158 2437 1313 2517 potuisse,
1345 2435 1401 2518 qui

258 2547 313 2598 sut
335 2533 511 2598 comoedias
532 2535 668 2617 scripsit,
689 2549 743 2600 aut
763 2560 782 2600 a
804 2539 929 2602 comicis
950 2540 1085 2602 multum
1105 2551 1235 2602 rexatus
1258 2535 1331 2601 est?
1358 2539 1402 2600 At
1520 2613 1521 2616 Ἴ

258 2637 313 2698 alii
333 2657 397 2699 non
421 2640 557 2720 κοικμαί
582 2640 764 2728 κωμῳδίας,
785 2641 839 2704 sed
863 2639 1002 2725 κωμικοί
1026 2638 1183 2720 dicuntur,
1205 2653 1241 2704 ut
1260 2643 1337 2706 baec
1352 2640 1401 2706 in·
1520 2665 1521 2692 ω

258 2740 462 2820 terpretatio‚
493 2743 695 2823 ambiguitate
717 2743 841 2808 dicendi
862 2748 1000 2826 sublata,
1035 2746 1138 2808 minus
1166 2745 1325 2810 commode
1346 2746 1403 2810 sd·

259 2843 341 2903 mitti
365 2840 490 2923 possit?
537 2843 807 2920 Quemadmodum
838 2847 877 2913 de
905 2848 1091 2912 Moschione
1123 2847 1221 2914 Clem.
1246 2850 1401 2914 Alexand.

257 2943 290 3005 in
302 2943 418 3008 Strom.
431 2947 487 3009 Vl.
502 2968 573 3029 pag.
583 2952 647 3011 264
657 2947 720 3034 (ed.
730 2949 850 3035 Sylb.)t
870 2953 1030 3042 Μοσχίων
1046 2947 1232 3036 impende,
1250 2952 1289 3016 de
1300 2952 1402 3020 Chae,-
1518 3026 1519 3053 ¹

257 3065 386 3110 remoue
407 3047 519 3114 Suidas
540 3073 565 3114 s.
587 3071 632 3132 u,
653 3052 792 3116 Eudocia
813 3075 884 3136 pag.
899 3060 981 3134 tto,
1012 3055 1186 3120 Scholiasta
1209 3055 1249 3119 ad
1269 3056 1401 3120 Aristot.

256 3147 348 3212 Rhet.
362 3151 415 3213 ΠΙ.
436 3173 507 3233 pag.
520 3156 578 3219 69:
609 3148 801 3240 Χαιρήμων
827 3151 984 3238 κωμικός.
1026 3159 1103 3221 ltem
1124 3160 1281 3239 Diogenes
1299 3157 1401 3228 'Laer-

255 3252 318 3314 tius
340 3254 379 3332 ll,
400 3255 437 3314 ⁷:
456 3255 652 3338 Καρκίνον,
672 3255 736 3324 stin
760 3256 1009 3344 κωμῳδοααιόκ.
1053 3259 1137 3336 Quin
1163 3261 1324 3326 nonnullis
1346 3281 1400 3324 eo·

254 3374 324 3414 rum
345 3352 523 3444 comoediae
545 3357 752 3435 assignantur.
795 3358 877 3422 Nam
906 3357 945 3422 de
968 3363 1043 3424 lone
1063 3361 1236 3426 Scholiasta
1266 3363 1305 3426 ad
1326 3366 1400 3427 Ari·

177 3457 178 3460 ’
256 3451 361 3532 stoph.
382 3454 452 3513 Pac.
474 3456 556 3517 8³5:
577 3462 703 3543 ἔγραψε
725 3459 761 3528 δὲ
784 3462 837 3528 καί
861 3462 1033 3547 κωμῳδίας
1053 3465 1109 3531 καί
1137 3461 1398 3551 ἐπιγράμματα.

253 3555 364 3635 ltaque
385 3553 496 3617 Suidas
518 3557 674 3644 Dionysio
696 3584 766 3626 cum
787 3564 848 3627 alis
871 3585 985 3647 opera,
1008 3579 1075 3629 tum
1098 3567 1272 3630 comoedias
1294 3569 1398 3632 uindi-

254 3668 303 3718 cat
324 3675 348 3718 s.
370 3678 401 3720 v·
425 3658 603 3738 Διονύσιος
610 3712 628 3744 ,,
655 3665 808 3743 Σικελίας
837 3663 1026 3753 stasanor,
1056 3675 1184 3756 ἔγραψε
1211 3671 1398 3760 τραγῳδίας

252 3757 309 3824 καί
332 3756 508 3842 κωμωδίας
528 3763 583 3830 καί
611 3763 773 3851 ἱστορικοί.
818 3770 883 3833 Ubi
908 3771 1040 3833 fortasse
1069 3772 1303 3852 grammaticus,
1326 3793 1397 3836 cum

251 3860 349 3921 rerba
371 3858 515 3944 αοιησὴκ
544 3867 715 3954 κωμῳδίας
743 3871 828 3952 apud
857 3874 1066 3956 antiquiorem
1095 3873 1309 3953 scholiastam,
1339 3888 1397 3938 aut

251 3961 507 4043 lexicographum
530 3967 651 4031 rariore
672 3971 730 4032 illo
751 3993 843 4036 sensu
876 3973 960 4037 dicta
986 3976 1157 4058 reperisset
1186 3997 1285 4060 eaque
1313 3977 1396 4040 falso

250 4061 472 4143 intellexisset,
504 4088 635 4133 asensn
657 4092 692 4133 ac
715 4076 820 4136 verbis
840 4074 1022 4156 deflectens,
1054 4080 1169 4163 quibus
1189 4090 1300 4141 auctor
1320 4099 1396 4142 usus

251 4163 370 4245 luerat,
403 4177 516 4250 po'e'tae
543 4172 712 4236 comoediis
739 4177 854 4254 agitato
876 4190 928 4241 aut
950 4197 1064 4244 nomen
1096 4181 1206 4244 comici
1234 4181 1396 4262 imposuit,

250 4305 535 4324 Μ

304 4377 335 4448 1)
352 4379 395 4435 Dc
412 4386 634 4456 Καμρίαυμίκοίς
652 4390 722 4446 dico.
