3076 4998
658 317 731 395 189

113 504 155 567 Τ.
167 502 208 564 ΙΙ.
230 523 264 583 p.
280 503 343 564 181·
362 503 527 580 asseverat,
547 500 722 584 tragoedias
745 505 810 580 eius
830 504 988 585 copulatas
1005 503 1098 566 luisse
1114 504 1266 586 trilogiae,

115 590 245 672 qualem
263 589 434 669 Aeschylus
452 589 559 666 coluit,
579 591 716 652 vinculo.
758 590 825 654 Neo
842 601 973 667 constat,
992 587 1078 672 quod
1094 589 1177 653 idem
1194 613 1266 652 cen-

113 687 181 752 set,
207 676 316 735 Ionem
337 674 370 733 in
395 693 487 734 ecana
513 676 669 758 Aeschylo
690 673 853 738 succedere
875 675 1023 739 voluisse.
1072 673 1135 737 Sed
1157 675 1265 759 dithy-

114 761 229 822 ramho
255 770 451 836 narraverat,
483 759 672 840 Antigonam
700 772 794 843 atque
822 762 974 823 lemanem
1000 781 1019 822 a
1042 759 1265 839 Laomedonte,

113 845 255 908 manalis
275 842 357 922 filio,
384 843 416 905 in
440 846 558 925 templo
577 845 708 908 lunonis
730 845 904 908 combustae
925 861 1003 908 esse.
1046 846 1208 927 Aristoplr.
1229 849 1264 907 in

113 933 302 1010 Argument.
325 930 423 1010 seph.
443 930 552 1008 Antig.
599 929 692 1006 Quod
719 951 789 994 cum
812 951 830 992 a
853 933 979 1011 vulgata
1000 930 1190 993 Graecorum
1216 934 1265 994 la·

115 1019 194 1080 bula
214 1013 356 1092 recedat,
385 1034 450 1077 non
472 1012 598 1093 dubito,
630 1017 707 1099 quin
728 1017 851 1099 mythos
872 1035 933 1096 pro
956 1016 1138 1078 necessitate
1159 1018 1264 1097 poesie

116 1101 265 1166 similiter
284 1101 319 1162 in
339 1098 508 1180 tragoediis
529 1101 622 1162 etiem
641 1103 821 1178 mutererit.
864 1101 1063 1165 Welcker.
1076 1102 1097 1161 l.
1108 1103 1131 1162 l.
1146 1123 1179 1182 p.
1190 1105 1265 1166 975.

205 1185 393 1268 Quanquam
413 1185 448 1247 in
467 1197 554 1248 tanta
574 1186 780 1270 reliquiarum
800 1188 956 1268 paucitate
975 1207 1012 1248 ac
1034 1186 1187 1248 brevitate
1209 1189 1265 1249 vix
1325 1239 1327 1252 .

117 1271 224 1336 dicere
238 1272 340 1349 licet,
361 1269 519 1353 quomode
543 1281 637 1353 poe'ta
656 1293 707 1334 res
729 1273 915 1352 exeruerit,
930 1284 1034 1334 tamen
1055 1274 1149 1333 altam
1171 1273 1267 1334 uber·-

115 1359 299 1440 rimamque
315 1361 381 1434 ejus
402 1355 540 1420 indolem
562 1358 776 1438 agnoscimus,
808 1379 890 1440 quae
911 1358 1010 1420 nobili
1031 1356 1165 1440 quodam
1189 1358 1265 1420 lorti

115 1463 290 1526 pressoque
312 1440 436 1504 dicendi
456 1461 569 1522 genere
583 1445 758 1525 conspicua
778 1444 839 1506 tuit
861 1463 1018 1526 quaeque,
1039 1463 1106 1504 curn
1130 1437 1265 1506 dissolu·

115 1544 184 1594 tam
210 1526 377 1609 ‚Euripidis
410 1528 632 1610 loquacitatem
662 1530 784 1609 lugiens
813 1529 1002 1611 Sophoclem
1033 1527 1266 1610 quodammodo

116 1617 313 1690 imitaretur,
345 1624 549 1694 temperatam
575 1613 788 1693 grandidatem
815 1635 851 1676 ac
878 1619 1068 1690 majestatem
1094 1615 1145 1676 vel
1171 1615 1210 1675 iis
1230 1614 1265 1674 in

116 1701 198 1762 locis
219 1698 370 1775 servavit,
389 1699 444 1760 ubi
465 1691 598 1779 propter
619 1700 719 1778 ipsam
740 1719 857 1776 rerum,
878 1697 917 1762 de
933 1701 1048 1781 quibus
1064 1697 1187 1774 dicitur,
1211 1719 1265 1758 na·

115 1799 224 1848 turam
245 1784 417 1865 simplicior
438 1785 541 1846 oratio
563 1782 688 1846 admitti
708 1797 844 1864 poterat.
891 1784 974 1846 Nam
995 1799 1075 1866 qnae
1097 1781 1200 1843 echini
1220 1784 1266 1844 ef-

117 1872 209 1952 ligies
228 1869 516 1944 naturae'similior,
538 1881 593 1931 aut
610 1891 647 1930 ea
661 1870 872 1950 praestantior
886 1879 994 1950 potest
1010 1867 1150 1949 cogitari,
1169 1875 1265 1952 quam
1381 1919 1383 1924 ,

115 1980 171 2039 ap.
191 1957 307 2019 Athen.
327 1957 379 2018 tlt.
400 1977 431 2036 p.
451 1958 490 2018 91
517 1955 558 2018 D.
579 1953 763 2016 adumbrat:

245 2035 369 2108 ἀλλ’ἔν.
388 2063 426 2106 τι
445 2041 544 2128 χέρσῳ
565 2035 630 2114 acic
650 2039 786 2112 λέοντος
805 2034 911 2128 ᾔνεσα
1012 2063 1015 2073 ·
1097 2060 1102 2074 ·

247 2121 271 2229 ᾔ
293 2119 356 2196 τοὶς
378 2126 492 2232 ἐχίνου
513 2127 647 2207 μᾶλλον
668 2121 803 2210 streete
822 2124 961 2212 τέχνας,

248 2233 287 2284 σς
306 2201 433 2310 αὖτάν
452 2206 561 2312 ἄλλων
582 2205 777 2316 κρερσσόναν
798 2201 909 2292 ὁρμὴν
929 2199 1052 2292 μάθῃ,

247 2293 508 2379 υτροβιλσςφολρ
529 2317 606 2378 uun>
626 2292 789 2363 ακᾶνθαν
809 2294 932 2371 εἱλίξας
955 2291 1062 2374 δέμας
1162 2349 1165 2360 ,
1195 2321 1215 2338 -·

246 2393 352 2446 κοῖται
373 2378 487 2446 δακεῖν
505 2401 542 2444 aa
564 2379 616 2446 καλ
636 2385 752 2463 otgers
769 2370 960 2466 οἷμὴχανσς.

117 2465 207 2530 Num
228 2464 329 2530 uirtus
350 2464 414 2528 uiri
440 2483 516 2528 sere
544 2463 709 2544 prudentis
737 2485 814 2546 prae
842 2462 964 2524 consilii
991 2471 1086 2542 atque
1115 2459 1265 2520 orationis

119 2551 281 2628 sollertia,
304 2571 384 2633 quae
406 2561 439 2612 et
459 2569 518 2631 per
539 2571 572 2612 se
594 2550 735 2613 condetis
750 2562 788 2611 et
810 2551 851 2610 ab
872 2547 958 2610 omni
981 2547 1099 2609 virtute
1119 2550 1268 2622 eejtmcta,

117 2639 173 2701 uel
202 2638 296 2718 plane
324 2633 441 2699 nudata
471 2645 534 2712 cst,
565 2635 688 2698 landari
706 2635 871 2716 pulchrius
890 2645 1013 2714 potest,
1041 2653 1135 2715 quam
1158 2630 1268 2692 laudat.

118 2744 190 2786 eam
206 2718 327 2805 poeta?
371 2720 458 2784 Sext.
479 2720 601 2800 Empir.
619 2720 693 2784 adr.
712 2723 863 2782 Matham.
881 2721 921 2798 ll,
941 2724 1005 2780 24:-
1044 2745 1047 2750 ·
1181 2739 1183 2747 ·

247 2797 904 2977 trist{terrueruut
921 2799 1073 2970 utu,
1135 2887 1150 2936 .
1265 2913 1268 2930 ,

248 2971 355 3061 βουλὴ
367 2979 441 3061 ,μὲν
459 2969 573 3060 ἄρχοι,
591 2975 662 3059 χιλρ
682 2965 717 3038 δ’
728 2957 987 3055 ἐπιξεργάζσται.
1033 2954 1041 2972 ’

116 3063 159 3124 Et
181 3061 287 3125 nescio
308 3061 379 3144 quis
401 3060 446 3122 ita
466 3058 621 3139 praecipit
640 3077 751 3137 serso,
781 3069 819 3119 ut
837 3061 960 3134 prauam
983 3052 1144 3114 celerrime
1165 3052 1266 3113 ocelu·

119 3146 192 3226 dat,
215 3148 390 3210 Athenon·
411 3146 528 3225 Pe26⁷
548 3144 598 3206 Di
640 3189 643 3196 .
737 3169 741 3174 ’
793 3147 797 3153 ¹
912 3171 915 3200 ἰ
975 3189 979 3198 .
1034 3209 1037 3214 Ι
1107 3213 1114 3237 '
1168 3167 1172 3173 '
1248 3173 1252 3180 ¹

252 3232 359 3316 Οἴμορ
379 3229 509 3314 δόμον,
530 3228 663 3306 οἰκέτα,
684 3228 812 3294 κλιῑσσν
833 3216 1048 3308 κλπόπτιρος,
1066 3246 1117 3306 μη
1138 3241 1189 3293 τις

248 3316 502 3402 λλθφβροτών.
666 3315 696 3330 “’
784 3317 815 3360 '-
913 3315 918 3322 ’
1138 3348 1141 3356 ·

120 3401 196 3466 Alia
218 3401 455 3482 pulcherrimae,
478 3401 528 3466 vel
549 3397 730 3479 magnificae
751 3394 903 3462 orationis
922 3391 1178 3472 exempla-quae
1200 3387 1268 3450 ania

118 3507 210 3550 mum
228 3487 366 3550 suaviter
385 3485 538 3561 afficiant,
569 3487 720 3548 hocloco
743 3502 924 3563 proponere
945 3480 1128 3544 omittituus.
1171 3473 1265 3550 Quod

118 3574 155 3636 in
178 3571 386 3656 dithyrambis
414 3571 444 3634 ai
463 3571 688 3656 Aristophanes
710 3570 901 3650 exprobrat,
929 3566 1028 3628 altum
1050 3558 1268 3644 tumidumque

120 3656 246 3720 dicendi
273 3677 371 3736 genus
398 3658 637 3738 longioremque
659 3657 750 3718 illurn
772 3655 993 3719 vocabulorum
1015 3671 1121 3726 usum,
1149 3648 1269 3708 intra·

121 3741 243 3824 goediis
264 3762 390 3825 quoque
409 3740 610 3807 hauddubie
629 3739 782 3804 adltihuit.
825 3739 941 3800 Contra
959 3737 1119 3816 Longinus
1135 3733 1190 3794 ille
1204 3744 1269 3792 tam

117 3828 303 3910 perspicax,
329 3848 423 3910 qrram
444 3825 585 3892 eruditus
605 3826 769 3891 literarum
791 3825 1005 3899 existimator,
1025 3842 1095 3882 cum
1118 3815 1156 3880 de
1177 3817 1266 3878 vittis

118 3913 203 3993 agit,
228 3913 344 3996 ¹quibus
367 3912 480 3992 optimi
501 3912 686 3992 scriptores,
715 3909 1012 3992 magniloquentiam
1034 3907 1082 3966 illi
1102 3911 1265 3976 sectantes,

119 4001 309 4082 plerumque
323 3998 440 4102 scripta
459 3996 592 4077 perdere
607 3999 737 4072 soleant,
756 3996 796 4058 de
811 3995 943 4058 Sublim.
960 3997 1019 4055 30:
1042 3991 1076 4055 si
1097 3983 1129 4052 δ’
1143 3991 1181 4051 ἐν
1201 3985 1265 4068 με’-

120 4087 192 4150 λσοι
212 4085 347 4167 μᾶλλον
372 4105 418 4150 αν
440 4082 528 4148 alam
548 4079 762 4184 Βακχυλίδης
783 4082 884 4158 ἕλοιο,
903 4075 926 4162 ἢ
946 4074 1139 4171 musaeus
1160 4071 1214 4178 afui
1229 4073 1266 4132 ἐν

120 4167 286 4254 τραγῳδίᾳ
307 4161 437 4238 ”Istud
463 4166 552 4239 Χῖος
577 4163 600 4249 ἢ
627 4163 671 4250 νὴ
693 4167 758 4232 Δια
785 4165 978 4250 Σαφαιιλιξςς
1007 4155 1123 4238 ἐπειδη
1145 4170 1176 4218 οι
1198 4155 1267 4234 μὲν

120 4250 329 4319 ἅλιαπτατοι
357 4251 413 4318 καλ
442 4254 479 4317 ἐν
506 4250 553 4334 τῷ
578 4251 735 4336 γλαφυρῷ
765 4247 882 4335 πάντῃ
910 4237 1269 4346 κεκαλλιγραφημένας,

121 4330 140 4403 o‘
163 4336 199 4404 δὲ
219 4335 396 4420 Πίνδαρος
416 4335 470 4402 καλ
493 4327 510 4401 ὁ
533 4334 724 4418 Σοφοκλῆς,
745 4332 801 4398 ὅτι
823 4337 890 4415 μὲν
911 4351 1027 4396 παντο
1050 4325 1264 4426 ἐπιφλεγονσι

119 4422 165 4508 τῇ
181 4423 282 4510 φορᾷ,
303 4420 508 4507 σβέννυνται
522 4414 554 4483 d'
568 4413 694 4501 silo'yur
716 4410 878 4490 πολλάκις
899 4415 953 4482 καλ
975 4413 1160 4478 πίπτουσιν
1183 4430 1265 4474 ατο·
