3048 4998
230 294 306 369 200

232 475 362 546 Baccho
385 478 569 568 conjectura
591 474 736 544 facienda
760 485 855 558 esset,
876 474 969 542 lacile
990 476 1016 542 is
1032 474 1073 542 de
1090 472 1221 542 Baccho
1237 472 1397 541 Thebano

232 582 379 653 Semeles
402 581 465 650 filio
489 583 654 674 cogitaret,
676 584 703 650 si
725 605 770 651 ex.
789 581 1010 672 Aeschylo⁹⁸)
1031 581 1075 648 de
1097 580 1267 648 furibundo
1290 578 1399 648 Thra-

233 712 309 758 cum
331 689 561 780 Phrygumque
584 690 661 772 deo,
691 693 719 756 si
741 713 783 756 ex
805 689 944 757 Pindaro
959 691 1009 772 Η)
1029 687 1069 754 de
1092 687 1235 770 Bromio,
1256 688 1285 753 si
1306 686 1400 754 deni-

236 821 298 888 que
322 819 364 863 ex
385 795 503 864 Nonno
517 800 567 881 Η)
598 797 638 864 de
667 796 790 864 Jaccho
814 796 942 863 Cereris
970 797 1003 860 in
1025 793 1195 860 Eleusiniis
1222 813 1402 859 assessore.

234 901 345 993 ltaque
368 903 488 968 facturn
511 913 573 986 est,
603 911 639 970 ut
662 902 879 993 dithyrambus
902 901 1088 992 simpliciter
1115 901 1275 966 diceretur
1296 887 1404 982 ὕμνος

236 1000 283 1086 εἰς
297 1005 472 1077 Διόνυσον.
495 1008 626 1094 (Pollux
638 1007 718 1076 Lex.
731 1009 753 1092 l,
766 1011 797 1075 3.
817 1006 924 1076 Procl.
941 1007 1122 1075 Chrestom.
1134 1030 1165 1096 p.
1176 1006 1249 1070 419.
1273 1004 1405 1070 Timaei

236 1113 318 1182 Lex.
339 1115 465 1184 Platon.
485 1138 516 1205 p.
539 1117 591 1182 84.
611 1113 738 1182 Ruhnk.
763 1115 868 1182 Gloss.
892 1115 1047 1182 Herodot.
1069 1137 1101 1204 p.
1123 1115 1198 1196 606)
1230 1121 1328 1202 atque
1350 1133 1403 1176 ar-

239 1231 467 1312 gumentorum
496 1221 591 1288 simul
613 1246 739 1289 summa
767 1223 947 1289 exoriretur
973 1222 1127 1302 varietas,
1156 1241 1256 1310 quum
1284 1227 1405 1308 poetae

240 1326 477 1420 dithyrambici,
508 1351 645 1418 quorum
668 1331 695 1394 si
717 1327 918 1394 Scholiastae
948 1327 989 1394 ad
1011 1328 1063 1394 Ar.
1086 1327 1167 1394 Avv.
1193 1326 1276 1390 1408
1298 1324 1407 1392 credi-

239 1455 327 1516 nrus,
359 1450 424 1500 non
454 1455 554 1522 parva
582 1433 674 1524 eopia
691 1431 865 1515 exstabat,
898 1435 938 1500 ad
966 1433 1111 1526 ejusdam
1141 1455 1244 1523 usque
1266 1431 1408 1498 civitatis

239 1541 438 1607 narrationes
461 1539 636 1608 Bacchicas
660 1565 695 1608 se
716 1540 963 1610 aocomnodara
991 1540 1170 1622 studerent,
1199 1541 1289 1630 cujus
1307 1540 1408 1630 jussu
1503 1545 1504 1550 ’

242 1668 372 1712 carmen
397 1648 474 1737 ipsis
503 1647 683 1715 canendum
714 1657 808 1714 esset.
858 1647 954 1716 Solus
979 1647 1214 1736 Grammaticus
1242 1646 1408 1733 Anonym.
1504 1653 1505 1656 ’

243 1753 388 1820 Crarneri
410 1753 529 1820 Anecd.
553 1755 666 1822 Graec.
691 1754 819 1820 Oxonn.
837 1754 912 1823 Vol.
934 1754 989 1836 IV,
1011 1778 1041 1844 p.
1064 1753 1136 1818 314.
1169 1747 1409 1836 Διθύραμβός,

243 1861 300 1942 ait,
327 1860 398 1925 ἐστι
419 1859 551 1946 ποίημα
580 1859 661 1946 πρὸς
684 1857 848 1928 Διόνυσον
871 1857 1038 1946 diriperae
1059 1853 1079 1938 ἢ
1101 1857 1182 1945 πρὸς
1200 1853 1408 1924 Ἀπόλλωνα

242 1967 437 2052 motato-iai
462 1969 615 2058 ἱστοριῶν
630 1967 765 2046 oratioe.
798 1969 938 2058 Egregie
951 1969 1088 2058 quidem.
1132 1968 1206 2032 Jam
1228 1987 1307 2031 vero
1330 1987 1409 2032 cum

240 2075 275 2139 in
306 2074 433 2164 hymnis
467 2077 526 2141 tria
558 2077 760 2166 potissimum
795 2084 1057 2164 argumentorum
1095 2095 1216 2162 genera
1250 2069 1407 2137 celebrari
1504 2127 1505 2142 .

242 2191 385 2271 possent,
409 2205 504 2274 quern
523 2181 564 2248 ad
586 2183 718 2252 modum
740 2181 931 2250 Welokerus
955 2179 976 2248 l.
998 2179 1018 2248 l.
1042 2181 1161 2270 optime
1184 2187 1326 2260 annotat,
1349 2199 1408 2243 ua-

244 2285 324 2354 tales
351 2312 469 2380 nempe
496 2290 626 2388 nuptiae
654 2301 750 2382 atque
777 2292 928 2359 decessus
957 2311 975 2353 e
1003 2287 1085 2368 vita3
1108 2283 1239 2351 Bacchi
1264 2306 1345 2350 vero
1376 2293 1411 2350 et

244 2391 398 2461 natalium
419 2393 505 2463 haud
527 2421 651 2487 paucae
665 2395 863 2462 narrationes
879 2395 1088 2476 traderentur,
1111 2415 1234 2482 eaeque
1254 2389 1413 2458 mirificae

212 2561 214 2570 ,
245 2498 436 2590 plerumque
459 2525 496 2568 ac
516 2503 712 2592 stupendae,
741 2502 855 2568 demde
884 2524 927 2566 ex
948 2499 1113 2568 connubiis
1135 2499 1234 2590 ipsius
1257 2500 1411 2587 frequen-

245 2604 375 2674 tissimis
397 2607 552 2676 Ariadnes
574 2608 777 2698 potissimum
798 2616 990 2676 canerentur
1010 2605 1162 2688 „additi
1184 2603 1316 2672 stellis
1340 2603 1412 2672 ho·
1505 2657 1506 2688 ,

245 2719 408 2796 nores;'’
441 2714 578 2804 denique
608 2715 722 2805 quovis
751 2737 833 2780 anno
864 2713 1016 2784 decessus
1038 2714 1139 2804 ipsius
1161 2733 1237 2783 cum
1257 2709 1351 2778 luctu
1372 2731 1412 2776 ac
1505 2745 1506 2796 3

246 2816 454 2909 plangoribus
476 2821 664 2904 defleretur3
684 2829 829 2912 apparot,
853 2828 972 2910 quanta
989 2819 1169 2888 labrdarrun
1190 2816 1283 2907 sylva
1303 2818 1412 2908 poetis
1505 2805 1506 2848 l

248 2925 290 2992 ad
320 2927 492 3016 pangenda
520 2927 750 3018 dithyrambica
781 2929 923 2994 carmina
954 2950 1110 2994 concessa
1139 2934 1235 2994 esset.
1283 2925 1413 2994 Verum

246 3042 365 3114 tamen,
387 3035 415 3100 si
437 3035 507 3123 quis
528 3035 602 3102 ideo
624 3034 753 3102 licuisse
775 3036 878 3123 poetis
892 3035 1062 3124 putaverit,
1084 3033 1219 3124 quodvis
1235 3051 1413 3120 argumen-

248 3147 318 3207 tum
338 3139 535 3211 Bacchicum
557 3142 671 3232 quovis
694 3150 830 3208 tractare
851 3150 1006 3231 tempore,
1034 3141 1062 3207 is
1084 3139 1221 3210 mirltum
1238 3139 1412 3221 erraverit;

251 3245 360 3336 quode
393 3257 501 3316 tamen
534 3258 570 3315 ut
599 3247 745 3339 judicare
772 3249 951 3314 accuratius
988 3247 1167 3335 possimus,
1195 3245 1235 3312 de
1263 3254 1413 3334 tempore

248 3354 388 3444 primum
409 3355 584 3426 videndum
606 3364 664 3436 est,
687 3375 750 3443 quo
773 3354 903 3422 edoceri
924 3352 1019 3444 cyclii
1032 3351 1121 3418 chori
1141 3350 1290 3423 solerent.
1336 3351 1414 3436 Qua

250 3458 290 3524 de
320 3481 370 3541 re,
404 3484 600 3553 quamquam
630 3461 684 3551 qui
715 3470 864 3528 accurate
894 3459 1108 3548 inquisiverit,
1139 3459 1207 3526 scio
1236 3458 1414 3538 neminem,

249 3573 367 3646 tamen,
390 3569 443 3655 qui
465 3578 619 3659 tanquam
641 3568 681 3634 de
703 3591 739 3634 re
760 3568 837 3634 satis
860 3565 1027 3656 explorata
1050 3565 1208 3646 dixerunt,
1236 3566 1315 3632 novi
1336 3587 1414 3654 per-

250 3670 382 3754 multos,
407 3696 487 3764 quos
508 3675 590 3742 inter
611 3672 800 3756 Luetckius‚
823 3673 877 3763 qui
899 3697 941 3740 cx
962 3675 1107 3763 professo
1130 3695 1199 3739 rem
1222 3672 1326 3761 attigit
1347 3669 1412 3738 l.l.

250 3803 281 3868 p.
303 3780 346 3848 59
369 3780 409 3848 od
431 3778 516 3848 Plut.
537 3780 559 3846 l.
580 3779 601 3848 l.
628 3803 689 3846 uos
719 3780 888 3870 ablegasse
915 3781 991 3848 satis
1018 3778 1143 3860 habuit,
1175 3777 1262 3854 uude
1288 3768 1412 3866 cyclios

251 3885 366 3956 choros
381 3887 524 3960 ‚hiemali
549 3898 694 3978 tempore
726 3888 889 3960 institutos
916 3889 1014 3959 fuisse
1042 3895 1204 3977 appareat
1231 3870 1412 3958 ‚Granu-

250 4048 453 4072 m

289 4152 325 4216 ³³)
345 4152 377 4203 fr.
396 4170 438 4221 ap.
457 4156 529 4207 Plut.
548 4155 627 4208 Torn.
647 4156 693 4218 ΙΧ,
713 4168 737 4220 p.
757 4155 808 4206 228
828 4159 855 4204 et
873 4172 915 4224 ap.
935 4155 1022 4207 Strati.
1042 4171 1068 4221 p.
1086 4154 1148 4207 639.
1237 4195 1239 4199 .

288 4239 324 4304 Ἦ
343 4241 375 4293 lr.
395 4243 429 4294 4ss
446 4244 543 4308 Bergk.

281 4324 324 4391 ⁴⁵)
343 4327 453 4392 Dionys.
474 4329 578 4382 xulrx.
