3044 4982
864 355 913 404 vt

339 517 426 600 spica
447 539 482 581 ac
502 518 610 581 melica
631 517 719 598 poe'si
739 536 845 578 omnes
866 516 898 577 in
924 537 991 579 earn
1014 515 1182 577 translatae
1204 528 1287 596 sunt,
1308 515 1439 580 admira

338 619 462 702 pridem
483 621 568 684 omni
593 641 632 682 ex
653 632 743 701 parte
764 617 950 682 studuissem
973 638 1175 698 cognoscere,
1196 618 1310 704 idque,
1335 622 1401 684 nisi
1425 644 1440 684 n

338 723 439 788 morie
451 733 625 804 poetarum,
646 723 702 806 qui
718 743 784 784 earn
802 724 977 800 coluerunt,
998 721 1209 802 redintegrata
1224 723 1294 786 fieri
1309 745 1378 786 non
1395 745 1440 806 po

338 825 579 904 intellexissem,
612 846 652 888 ex
678 826 735 886 illo
757 824 881 887 demum
902 827 1061 906 postulato
1082 824 1167 902 vidi,
1199 826 1283 909 quod
1306 841 1384 888 ante
1408 849 1440 888 m

338 939 405 990 tum
429 927 660 1005 dubitaveram,
680 929 826 1011 antiquos
848 929 1016 1009 scriptores
1038 930 1154 991 babere
1176 933 1329 992 nonnulla
1353 929 1395 991 ad
1422 951 1439 991 e

339 1033 553 1113 quaestionem
574 1031 764 1112 spectantia,
788 1053 868 1114 quae
890 1032 923 1094 in
945 1032 1052 1108 libris,
1072 1032 1128 1115 qui
1150 1033 1313 1095 historiam
1338 1034 1436 1095 litera

339 1131 486 1196 Graeciae
510 1135 688 1213 continent,
719 1134 845 1196 silentio
866 1135 1101 1215 praetermissa,
1130 1137 1181 1197 vel
1204 1137 1402 1215 negligenter
1424 1149 1438 1196 t

339 1247 437 1315 stata,
467 1239 518 1299 vel
540 1258 705 1319 perperam
730 1248 834 1299 essent
856 1238 1035 1318 composita.
1079 1235 1184 1314 Quare
1206 1252 1412 1302 monumenta
1436 1261 1440 1274 “

337 1341 463 1403 tustatis
489 1339 658 1421 diligenter
684 1349 898 1420 perscrutatus
919 1341 1079 1422 praesidia
1104 1343 1315 1404 recentiorum
1341 1340 1440 1403 adhib

338 1442 465 1521 collegi,
487 1441 642 1526 quidquid
666 1442 848 1505 inveneram
870 1445 1066 1524 comparavi,
1092 1456 1127 1506 ut
1148 1445 1341 1525 praeclaram
1363 1455 1440 1525 po'e's

337 1542 441 1627 quoad
463 1549 528 1622 ejus
548 1545 618 1607 fieri
637 1557 753 1626 posset,
776 1567 816 1607 ex
831 1545 952 1626 ingenti
965 1551 1086 1634 jactura
1104 1569 1140 1608 ac
1155 1546 1304 1609 diuturna
1320 1549 1440 1611 oblivio

338 1646 510 1710 reficerem.
553 1649 592 1710 Et
614 1669 709 1730 opus,
732 1649 817 1732 quod
838 1651 883 1712 ita
905 1652 1164 1733 comeripseram,
1184 1653 1233 1713 lll.
1257 1651 1398 1714 Societas
1422 1674 1440 1712 n

336 1752 475 1831 praemio
496 1753 612 1830 solum,
639 1752 694 1815 sed
722 1753 780 1815 illo
808 1773 934 1838 quoque
964 1754 1139 1816 nobilitavit
1164 1753 1296 1834 judicio,
1326 1753 1419 1838 quod

336 1853 500 1936 Ephemm.
522 1855 663 1943 Gotting3
685 1877 757 1917 ann.
778 1852 1000 1918 Mocccxtt
1021 1868 1085 1917 ant.
1108 1854 1139 1916 d.
1159 1838 1215 1918 tV‘.
1229 1855 1314 1918 Non.
1333 1857 1440 1917 Decen

336 1959 567 2038 promulgatum
592 1971 648 2020 est.
691 1957 775 2033 Quin
798 1957 905 2019 eadent
936 1979 985 2017 me
1013 1957 1113 2017 literis
1139 1956 1278 2038 rogavit,
1309 1970 1346 2019 ut
1366 1959 1440 2020 tibrr

337 2077 432 2139 quam
455 2057 615 2118 celerrime
638 2057 773 2120 ederem.

423 2157 515 2238 Quod
538 2160 598 2222 nisi
620 2160 754 2222 feliciter
775 2159 853 2250 mihi
880 2181 915 2220 ac
944 2171 1071 2242 praeter
1099 2180 1186 2240 spem
1216 2160 1373 2242 cessisset,
1406 2166 1440 2225 ba

315 2284 395 2344 ,ego
416 2285 575 2348 nunquam
592 2261 774 2344 edidissem.
816 2263 995 2346 Unicuique
1020 2264 1122 2340 enim,
1151 2262 1206 2347 qui
1228 2263 1329 2327 literis
1351 2286 1440 2348 opere

338 2381 448 2448 navat,
478 2370 556 2440 hanc
585 2370 684 2448 legem
714 2353 858 2448 religiose
880 2363 1063 2430 servandam
1092 2387 1158 2430 esse
1186 2367 1350 2462 existimol,
1384 2384 1440 2432 ut3

337 2467 505 2552 scripturn,
535 2469 621 2553 quod
643 2493 681 2532 ne
704 2470 772 2552 ipse
793 2454 1036 2554 quidem'babst
1057 2467 1248 2552 perfectum,
1276 2453 1368 2554 aliis,
1392 2475 1439 2537 vel

337 2573 482 2635 omnibus
510 2572 649 2635 numeris
676 2573 872 2650 absolutum,
903 2573 1107 2638 commendet.
1157 2555 1249 2660 Quod
1277 2577 1333 2660 qui
1361 2576 1400 2638 de
1430 2579 1439 2638 l

337 2677 572 2758 quaestionibus
593 2690 776 2756 arroganter
797 2675 984 2739 contendere
1005 2697 1146 2759 possem,
1169 2697 1249 2759 quae
1272 2690 1394 2740 cunctas
1417 2678 1439 2738 d,

336 2777 490 2841 ficultates
513 2780 591 2842 milri
613 2781 803 2859 objecerunt,
827 2800 960 2863 quarum
982 2781 1121 2860 singulae
1142 2778 1330 2858 hominibus,
1352 2777 1391 2840 ad
1414 2779 1439 2839 di

336 2880 511 2962 putandum
532 2881 766 2960 accedentibus,
795 2881 941 2944 timorem
963 2883 1064 2943 lacere
1086 2875 1209 2944 solent?
1258 2881 1339 2944 Nem
1364 2894 1439 2943 ceter

336 3006 417 3068 quae
440 2985 500 3048 sibi
521 2986 665 3070 plerique
686 2971 725 3047 ad
748 2984 979 3049 excusationem
1001 2996 1143 3063 sumunt,
1176 2996 1211 3046 nt
1231 2982 1439 3046 imbecillitate

334 3089 481 3164 juvenilis
502 3091 615 3170 animi,
639 3090 797 3172 angustias
819 3089 984 3173 temporis,
1008 3088 1170 3168 penuriam
1191 3087 1361 3166 librorum,
1382 3089 1438 3149 orni

335 3193 439 3255 timus.
480 3191 568 3269 Quae
590 3215 660 3256 eum
680 3215 738 3274 per
759 3214 792 3254 se
813 3193 878 3254 sint
894 3188 1062 3264 leuissima,
1083 3199 1138 3249 aut
1154 3187 1264 3248 saltem
1281 3207 1345 3250 non
1356 3191 1438 3266 gravi

334 3306 402 3355 turn
424 3294 504 3353 nibil
525 3294 564 3353 sd
590 3292 763 3372 opprobria
789 3309 898 3351 eorum
926 3287 1097 3368 mitiganda
1118 3289 1241 3366 valent,
1269 3289 1328 3371 qui
1348 3292 1438 3352 nonni

334 3393 596 3476 perfectissimum
615 3390 763 3476 qnodque
790 3389 987 3472 probandum
1017 3409 1084 3452 esse
1113 3390 1235 3472 opinati
1263 3404 1438 3454 contemnor

334 3514 414 3578 quos
434 3516 536 3578 neque
558 3495 623 3557 otio
650 3517 707 3558 nee
735 3492 898 3576 praesidiis
930 3493 1123 3557 abundantes
1143 3492 1292 3555 literariis
1314 3495 1438 3558 laboribt

333 3597 453 3679 aliquid
476 3599 653 3678 cognitione
674 3599 802 3680 dignum
824 3593 978 3661 assecutos
1001 3588 1119 3660 vident.
1162 3595 1220 3658 His
1241 3617 1317 3659 vero
1337 3598 1437 3658 remitt

334 3719 419 3776 mus,
454 3713 488 3765 ut
509 3702 588 3782 ipsi,
620 3722 700 3784 quae
722 3700 828 3768 deesse
851 3699 1034 3781 rideantur,
1066 3700 1199 3778 addant,
1232 3701 1282 3764 tel
1301 3699 1437 3780 perlectut

333 3799 492 3864 doctrinae
513 3804 671 3884 specimen
691 3816 847 3883 promant,
868 3804 953 3886 quod
976 3807 1166 3869 recentiores
1185 3804 1349 3884 scriptores
1370 3803 1435 3866 adm

333 3904 397 3964 rari
417 3923 576 3985 nunquam
599 3905 754 3970 desinant.
775 3944 777 3952 ι
795 3906 856 3970 Sed
886 3911 957 3990 quis
978 3910 1135 3988 angustias
1165 3906 1239 3968 libri
1268 3907 1401 3985 ignorat,
1429 3908 1437 3966 i

332 4023 397 4086 quo
416 4003 455 4066 ds
474 4016 560 4067 tanta
578 4019 743 4089 poetarum
766 4011 855 4094 copia
875 4010 1041 4074 dicendum·
1061 4008 1152 4075 erat?
1193 4010 1258 4071 Aut
1280 4009 1346 4090 quis
1364 4011 1437 4070 leret

331 4107 363 4165 in
384 4108 440 4167 tali
462 4107 597 4172 fontium
620 4113 799 4178 conditione
821 4115 1034 4200 quaestionem
1057 4126 1170 4192 censet,
1192 4131 1259 4174 cunr
1284 4110 1321 4173 de
1341 4130 1437 4172 sexcer

332 4205 371 4268 tis
394 4209 497 4288 rebus,
525 4234 602 4294 quas
623 4219 703 4281 scire
726 4219 840 4302 cupias,
866 4205 945 4282 nillil
966 4217 1107 4296 afferant,
1134 4217 1258 4299 aliaque
1281 4226 1340 4278 tarn
1361 4219 1436 4279 brevi

329 4319 379 4371 ter
402 4310 574 4395 illustrent,
597 4332 631 4383 ut
652 4333 793 4386 tenorem
814 4344 920 4386 rerum
945 4343 984 4384 ne
1005 4320 1135 4384 rudibus
1158 4321 1289 4404 quidem,
1305 4321 1388 4390 lineis
1409 4343 1436 4384 re

331 4409 524 4502 dintegrare,
554 4440 610 4483 nec
632 4425 693 4486 nisi
716 4431 891 4503 conjectura
910 4423 1142 4508 quodammodo
1166 4425 1267 4507 possis
1288 4426 1430 4506 explicere
