3048 4998
504 457 583 560 Ἦρί
607 469 636 537 τ’
661 473 864 561 ἐπερχομένῳ
886 469 1019 558 Βρομία
1040 466 1134 559 χάρις

499 576 690 644 ἰύκιλοίὸαν
711 603 745 644 τι
764 579 872 666 χορύν
892 577 1104 666 ἐρεθίσματα

512 689 567 752 καὶ
591 687 717 754 Μοῦσα
746 683 960 774 βαρύβρομος
982 683 1103 752 aaran.

244 791 353 862 Sahal.
375 789 579 880 ιιροςηύλουν
601 793 665 880 γὰρ
688 796 755 871 τοῖς
777 795 942 882 τραγικοῖς
962 796 1019 858 καὶ
1035 796 1103 871 τοῖς
1116 794 1281 880 κωμικοῖς,
1303 791 1410 874 ἐπηύ-

243 901 323 966 λουν
354 901 389 966 δὲ
418 902 669 985 προηγουμένως
696 905 763 978 τοῖς
798 897 942 976 κυκλίοις
966 904 1092 988 χοροῖς·
1126 897 1340 988 ἐρεθίσματα
1370 901 1408 966 δὲ

242 1003 346 1094 ἤγουν
366 998 507 1091 ἅμιλλαι
526 1012 583 1072 καὶ
605 1005 732 1094 ὄργανα
754 1005 909 1093 μουσικὰ.
952 1009 1021 1084 τοῖς
1042 1006 1105 1094 γὰρ
1119 1005 1305 1085 Διονυσίοις
1328 1008 1411 1086 τούς

242 1112 392 1192 κυκλίους
415 1115 534 1202 χορούς
569 1110 716 1181 ἵστασαν
744 1118 802 1181 καὶ
835 1112 1046 1200 ἠγωνίζοντο
1062 1117 1096 1180 οἱ
1120 1118 1257 1204 κωμικοὶ
1284 1117 1343 1182 καὶ
1370 1118 1409 1182 οἱ

243 1225 392 1312 τραγικοὶ
424 1223 572 1300 ποιηταί.
618 1222 706 1291 lde'm
742 1233 877 1290 testatur
908 1222 964 1289 lex
989 1221 1161 1312 Euagorae
1193 1223 1281 1312 apud
1307 1221 1408 1290 Dem.

133 1363 135 1371 ι
242 1329 318 1398 Mid
348 1333 377 1416 ρ’.
398 1332 430 1396 4.
458 1327 633 1397 NOMOC.
679 1325 855 1418 Εὐαγόρας
881 1317 987 1407 εἶπεν,
1018 1315 1151 1420 ὅτανῇ
1186 1329 1231 1418 τῷ
1257 1323 1411 1418 Διονύσῳ

244 1435 279 1501 ἐν
304 1437 456 1521 Πιιραιιῖ
473 1439 529 1502 καὶ
552 1438 585 1500 οἱ
605 1437 757 1526 κωμῳδοὶ
779 1440 837 1503 καὶ
864 1437 897 1502 σί
926 1435 1106 1525 τραγῳδοί,
1134 1437 1191 1502 καὶ
1218 1431 1313 1515 rideri
1335 1438 1410 1515 Arr-

244 1542 329 1633 ναίῳ
350 1542 465 1630 scopam}
489 1547 546 1608 καὶ
568 1545 601 1608 ot
622 1543 788 1633 τραγῳδοὶ
811 1545 865 1608 καὶ
885 1545 918 1609 ot
941 1543 1094 1633 κωμῳδοὶ
1114 1545 1172 1608 καὶ
1192 1543 1262 1620 τοῖς
1282 1543 1319 1608 ἓν
1334 1538 1410 1618 aga

244 1647 471 1731 Aeovoot'oaa'r}
495 1649 611 1738 πομπὴ
634 1653 691 1716 καὶ
712 1653 744 1716 σί
767 1651 883 1727 παῖδες
903 1652 959 1714 καὶ
981 1647 1000 1714 ὁ
1019 1649 1172 1740 κωμῳδοὶ
1193 1651 1249 1714 καλ
1272 1649 1306 1714 οἱ
1328 1671 1410 1734 τρα-

243 1755 355 1848 γῳδοί.
389 1757 536 1825 Aeschin.
551 1768 606 1825 etr.
620 1758 819 1848 Ctesiphont.
832 1783 861 1849 p.
875 1761 925 1824 87.
950 1760 1007 1822 καὶ
1029 1757 1105 1834 τούς
1126 1753 1314 1842 pierepercie
1329 1755 1410 1834 τούς

244 1865 279 1930 ἐκ
300 1865 498 1944 Διονυσίων,
530 1865 587 1930 ἐὰν
613 1863 659 1950 μὴ
689 1862 823 1942 δικαίας
852 1864 929 1941 τούς
949 1863 1098 1942 κυκλίους
1124 1861 1242 1951 χορούς
1269 1859 1409 1949 κρίνωσι

244 1971 405 2059 ζημιοῦτε.
438 1973 477 2039 ei.
499 1970 610 2039 Liban.
634 1973 674 2040 ad
696 1971 790 2039 Dem⁴
814 1972 941 2048 Midian,
966 1982 998 2040 et
1018 1971 1150 2064 hypoth.
1174 1971 1215 2037 ad
1235 1968 1408 2038 Demosth

244 2078 319 2146 Mid.
332 2081 361 2146 2.
384 2077 596 2147 Notissimum
608 2087 716 2146 autem
728 2077 961 2146 estSirnonidis
976 2079 1074 2172 epigr.
1086 2102 1116 2168 p.
1129 2077 1190 2143 195
1201 2075 1406 2146 Schneidew.

351 2183 504 2252 nonan
526 2169 571 2266 δι’
588 2187 697 2274 evin
716 2181 967 2272 Ἀκιμιιιιιοι
981 2187 1017 2252 ιι
1035 2191 1186 2274 χοροῖσιν
1202 2169 1304 2273 Ὧραι

413 2288 650 2375 Ἀυωλύλυξαν
670 2289 885 2381 κιοοοφόροις
908 2295 962 2358 ἐπὶ
984 2289 1212 2380 διθυράμβοις

350 2397 633 2478 αύΔιουυσιύὸεςι

326 2505 379 2575 De
402 2505 538 2573 Lenaeis
562 2507 690 2600 quidem
713 2531 778 2575 non
800 2509 931 2576 memini
957 2507 1043 2576 idem
1064 2516 1131 2574 tam
1154 2505 1278 2573 disertis
1300 2506 1409 2572 verbis

243 2609 342 2696 tradi,
367 2612 425 2680 sed
447 2637 498 2682 res
520 2637 579 2704 per
601 2637 636 2680 se
655 2617 688 2682 in
711 2623 821 2705 aperto
846 2626 912 2698 est,
941 2639 1017 2684 cum
1044 2613 1224 2706 tragoedia,
1257 2635 1342 2704 quae
1365 2637 1410 2680 ex

243 2717 445 2808 dithyrambo
467 2721 612 2811 profecta
635 2730 697 2804 est,
727 2724 809 2791 festo
837 2723 991 2814 imprimis
1012 2720 1216 2790 Lenaeorum
1234 2718 1408 2811 peculiaris

243 2837 344 2909 esset3
367 2829 529 2918 quoniam,
551 2838 585 2895 ut
607 2827 892 2914 Boeokhium100)
913 2838 947 2896 et
967 2827 1159 2896 Muellerum
1181 2835 1312 2894 secutus
1335 2828 1408 2892 Dis-

242 2933 351 2999 senius
374 2932 393 3000 l.
417 2933 441 3001 l:
459 2935 593 3017 monuit,
619 2935 675 3002 ubi
698 2936 737 3003 de
758 2933 896 3003 Lenaeis
918 2957 1024 3003 sermo
1047 2935 1098 3017 sit,
1117 2934 1254 3025 primam
1273 2942 1409 3024 tragoe-

243 3039 315 3108 diae
338 3043 584 3130 commemorari
605 3042 744 3126 soleant,
775 3041 891 3111 deinde
914 3042 1118 3124 comoediae,
1147 3049 1260 3108 contra
1286 3038 1343 3105 ubi
1362 3040 1409 3107 de

242 3145 407 3236 Dionysiis
436 3150 561 3238 magnis
594 3151 733 3240 primum
763 3144 951 3218 comoediae
981 3147 1096 3231 deinde
1125 3145 1310 3236 tragoediae
1323 3149 1407 3231 ¹⁰¹).

242 3252 444 3324 Crediderim
467 3267 575 3322 autem
596 3258 737 3324 maxime
759 3279 846 3325 nono
868 3277 908 3324 ac
930 3256 1055 3324 decimo
1078 3254 1130 3322 die
1143 3254 1263 3320 mensis
1284 3250 1409 3319 Game-

226 3357 335 3427 ‘lionis
359 3361 576 3452 dithyrambos
597 3363 638 3430 ab
662 3360 908 3430 Atheniensibus
931 3363 1056 3430 auditos
1080 3383 1166 3442 esse,
1194 3360 1312 3449 quippe
1335 3360 1408 3450 qni·

243 3464 303 3531 bus
335 3478 377 3534 ex
403 3467 500 3536 lnscr.
528 3469 624 3560 Corp.
653 3465 744 3536 titulo
767 3469 832 3536 523
862 3471 957 3536 etiam
984 3463 1150 3544 κατοίσεις
1179 3459 1343 3532 Διονύσου
1371 3466 1408 3531 in
1508 3517 1509 3522 ι

244 3595 306 3638 usu
327 3572 426 3640 fuisse
448 3583 615 3666 appareat:
650 3600 745 3668 quam
774 3599 852 3645 vero
875 3577 1025 3668 frequens
1052 3577 1093 3642 sit
1113 3577 1146 3642 in
1169 3593 1408 3643 commemora-

243 3680 331 3753 tione
353 3677 627 3770 dithyramborum
653 3681 771 3750 κισσοῦ
797 3685 942 3750 hederae
968 3684 1108 3766 mentio,
1140 3683 1269 3772 ignorat
1295 3700 1406 3744 nemo.

244 3787 332 3872 Quin
359 3787 446 3878 apud
474 3787 674 3856 Simonidem
705 3791 766 3880 ipsi
801 3789 993 3879 dithyrambi
1023 3788 1157 3856 audiunt
1190 3779 1407 3872 κισσυφόροι;

242 3894 443 3987 eaedemque
465 3894 642 3966 cantilenae
674 3919 723 3989 ap.
747 3896 960 3990 Antiphonem
982 3895 1097 3963 Athen.
1120 3893 1211 3977 XIV,
1232 3915 1263 3985 p.
1286 3891 1352 3959 643
1373 3891 1405 3957 d.

259 4105 261 4109 Ι
283 4136 332 4202 ¹⁰⁰)
350 4137 453 4193 Comm.
472 4139 506 4192 de
524 4141 640 4194 Lenaeis
658 4145 721 4194 oett.
738 4158 764 4208 p.
783 4142 827 4194 33.
846 4141 927 4209 Cory.
944 4142 1029 4194 tmen
1046 4155 1072 4192 n.
1091 4139 1152 4192 231.
1261 4157 1263 4162 ·

283 4239 331 4306 ¹⁰¹)
350 4243 418 4294 Sunt
436 4248 524 4295 tamen
543 4240 595 4298 toci
614 4243 744 4309 nonnuttt,
762 4254 832 4312 qnae
845 4241 972 4296 Boeelrhii
988 4258 1020 4296 ac
1034 4243 1157 4297 Mnetteri
1170 4239 1289 4310 opinioni
1307 4241 1407 4292 obver-

314 4335 419 4391 sentum
445 4345 533 4396 neque
552 4347 584 4384 ee
603 4334 740 4385 Wetekem
758 4333 846 4384 Addit.
867 4349 892 4400 p.
911 4333 963 4385 279
982 4337 1038 4384 not.
1056 4332 1109 4385 242
1128 4347 1157 4382 se
1175 4328 1332 4380 insinuavit.
