3048 4998
975 309 1054 378 ι’
1204 323 1278 398 207

115 513 174 572 aut
195 502 431 587 reviserem)
463 509 519 566 aut
539 498 645 566 denuo
668 511 844 591 prognatus
866 526 937 570 esse
960 504 1161 585 crederetur,
1192 509 1279 594 pn'n-

114 633 194 700 ceps
216 627 390 676 vernorum
412 607 590 675 carminum
613 618 837 697 argumentum
859 610 957 678 modo
979 613 1012 677 in
1035 608 1181 678 fabuloso
1196 611 1279 678 Dio·

113 717 188 807 nysi
209 724 370 805 proventu
391 712 489 780 modo
510 713 544 778 in
565 710 798 805 redituipsi'us¹
823 740 864 782 ex
891 718 998 790 interis
1020 727 1184 784 versattun
1206 741 1278 785 esse

115 822 266 891 credibile
295 829 353 888 est.
395 819 541 886 Pertinet
565 816 629 884 huo
646 818 738 886 ῬΙοΙ.
762 819 863 911 Legg.
886 821 933 904 ΙΙΙ,
956 847 986 912 p.
1010 825 1088 888 700:
1115 819 1279 892 Διονύσου

113 931 242 1020 γένεσις
268 924 484 1011 διθύραμβος
510 919 728 1018 καλούμενος,
764 937 797 994 et
819 928 967 996 Menand.
989 927 1120 996 Rhetor.
1143 929 1276 1013 Encom.

114 1061 145 1127 p.
168 1037 211 1102 48
234 1036 283 1102 ed.
305 1033 443 1100 Heeren.
476 1027 553 1094 ἀλλ’
583 1033 653 1096 ἐπεὶ
675 1025 810 1120 ιόρηιαι
832 1037 889 1098 καὶ
913 1034 1009 1100 τοῦτο
1032 1034 1071 1099 τό
1098 1023 1185 1114 εἶδος
1212 1039 1278 1104 τῶν

114 1135 229 1226 derue
250 1139 340 1228 παρὰ
364 1141 431 1214 τοῖς
452 1133 603 1223 ἀρχαίοις
625 1141 681 1212 καὶ
709 1136 776 1220 ἤδη
798 1146 881 1217 τινὲς
902 1144 959 1208 καὶ
981 1138 1145 1209 Διονύσου
1177 1144 1276 1228 γονὰς

114 1243 270 1336 ὕμνησαν
292 1249 349 1310 καὶ
369 1239 585 1321 ’Λπόλλωνος
605 1241 707 1330 μονάς
728 1248 798 1316 κτλ.
818 1247 904 1322 unde
919 1271 984 1318 non
999 1251 1068 1319 sine
1083 1253 1152 1318 veri
1166 1253 1277 1342 specie

116 1356 281 1446 conjicias,
314 1352 378 1426 hoe
406 1353 513 1442 ipsum
540 1373 715 1418 ver-norum
746 1352 1019 1443 dithyramborum
1051 1368 1276 1447 argumentum

115 1473 182 1530 tarn
209 1482 306 1549 saepe
333 1459 442 1524 tritum
469 1465 704 1549 tractatumque
737 1461 850 1544 fuisse,
884 1473 920 1530 ut
944 1463 1012 1530 lere
1042 1465 1276 1553 pessumdata

113 1569 227 1635 latiore
248 1565 338 1635 vocis
360 1561 576 1652 διθύραμβος
598 1555 845 1655 sighificatione3
875 1568 953 1642 nihil
984 1571 1044 1638 nisi
1073 1593 1204 1638 carmen
1226 1573 1282 1638 vis

116 1675 245 1742 deretur
268 1671 308 1738 ad
336 1671 473 1760 Dionysi
501 1666 749 1761 praedicandam
778 1674 976 1740 nativitatem
1003 1678 1218 1766 compositum
1241 1678 1273 1762 (Ι)

113 1782 237 1850 Verum
260 1779 358 1846 etiam
371 1774 532 1846 Timothei
552 1776 617 1844 huc
634 1779 773 1868 perturet
794 1779 1011 1868 dithyrambus
1033 1783 1274 1866 famosissimus,
1354 1839 1358 1843 .

113 1888 250 1979 Spartae
270 1884 325 1952 ille
347 1884 481 1954 eductus
504 1883 650 1952 Semeles
672 1894 784 1974 partus
806 1886 964 1972 (Σεμέλας
981 1883 1073 1971 ιοίΙις)
1097 1893 1189 1981 cujus
1209 1913 1276 1959 non

115 2017 186 2062 rara
209 1991 295 2084 apud
318 2001 443 2060 veteres
466 1991 585 2058 mentio
608 1989 650 2056 fir.
675 1991 752 2075 ((ΙΙ.
776 1991 951 2060 Muellerus
972 1994 1123 2062 Doriens.
1145 1995 1181 2079 ll,
1201 2019 1274 2088 pag.

113 2102 199 2183 372.)
243 2099 360 2189 Neque
382 2097 525 2165 divinem
547 2119 658 2188 prope,
681 2099 789 2188 quiin
814 2099 929 2166 eodem
952 2111 1141 2191 argumento
1165 2125 1276 2170 versa-

113 2220 181 2290 tur,
213 2205 345 2274 Pindari
378 2203 614 2294 dithyrambum
643 2227 693 2294 ap.
721 2203 857 2294 Dionys
885 2204 957 2272 Hal
981 2207 1074 2274 'l'.om
1097 2208 1278 2299 V,p.152

113 2307 235 2382 Reislr.
254 2313 400 2380 omittere
433 2312 481 2376 las
512 2319 575 2394 est,
607 2311 640 2378 in
668 2333 731 2402 quo
760 2320 933 2402 postquam
965 2335 1077 2380 omnes
1105 2315 1278 2382 advocavit

114 2419 280 2509 Olympios
303 2428 340 2486 ut
364 2417 493 2508 propitii
515 2417 556 2484 ad
578 2416 697 2483 claram
719 2415 918 2487 Adreuarum
939 2414 1052 2488 urbem
1075 2420 1278 2502 accederent,

111 2537 216 2594 semet
234 2527 341 2616 ipsum
362 2526 480 2606 latetur
501 2524 680 2606 advenisse,
703 2533 739 2590 ut
753 2524 942 2594 Cadmeiam
957 2525 1119 2611 Semelen,
1139 2531 1275 2620 ejusque

110 2642 240 2724 partum
261 2629 500 2700 concelebraret
521 2630 726 2699 carminibus.

336 2731 441 2804 Γόνον
462 2733 599 2802 ὑπάτων
623 2741 684 2820 μὲν
712 2738 864 2822 πατέρων
890 2741 1053 2822 μέλπομεν

335 2841 555 2926 γυναικῶνα
579 2842 755 2928 Καδμιιᾶν
776 2842 912 2929 ἔμολον
953 2905 958 2917 ,

334 2951 483 3037 Ἀχεῖται
503 2949 656 3035 Σεμέλαν
676 2945 880 3036 ἑλικάμπυκα
900 2951 1005 3038 χοροὶ.

197 3060 351 3128 Ceterum
382 3065 510 3148 praeter
537 3055 692 3124 Semelen
714 3057 960 3148 Bacchumque,
990 3082 1069 3125 num
1103 3063 1199 3127 etiarn
1232 3086 1273 3128 ex

108 3165 280 3236 comitibus
310 3165 411 3254 ipsius
442 3173 500 3230 aut
526 3165 704 3254 conjunctis
738 3186 813 3230 cum
846 3165 917 3254 ipso
945 3164 1096 3232 heroibus
1129 3168 1275 3238 nonnulli

106 3275 218 3342 vernis
239 3270 445 3360 dithyrambis
467 3270 613 3337 adornati
632 3270 763 3352 fuerint,
791 3293 905 3360 parum
928 3270 1131 3362 exploratum
1159 3273 1275 3358 habeo,

151 3482 198 3547 ¹⁰³)
217 3483 346 3552 speciose
373 3485 455 3539 Cone.
486 3481 634 3538 Sohuenck
657 3484 747 3550 Ειμνι.
772 3484 861 3550 ΜμιΙι.
884 3485 1000 3536 Audeat.
1024 3489 1053 3552 et
1073 3485 1170 3551 Hymn.
1194 3489 1276 3545 Hom.

180 3587 208 3640 p.
219 3571 279 3624 213.
298 3569 411 3636 Dionysi
428 3586 526 3624 nomen
543 3563 719 3640 Ελραφιιότης
737 3569 839 3622 derivat
857 3572 891 3623 ab
910 3571 958 3641 ἔαρ
972 3574 1000 3621 et
1012 3564 1084 3640 φόῳ,
1105 3578 1135 3624 ut
1152 3575 1274 3628 Baoclurs

181 3656 355 3723 intellegatur
373 3655 462 3722 „veris
482 3657 581 3710 dator''
599 3663 647 3709 aut
664 3673 753 3720 „vere
774 3655 960 3723 procreatos.”
995 3657 1051 3711 Clr.
1062 3659 1192 3716 Welcker.
1203 3657 1273 3714 Aah.

180 3757 206 3810 p.
227 3743 284 3797 188.
327 3741 551 3796 Commutationis
576 3745 712 3797 literarum
738 3740 750 3793 ἶ
776 3749 803 3796 et
824 3743 843 3795 ὗ
862 3747 984 3816 exempla
1008 3751 1102 3799 extant
1124 3743 1272 3816 ἈφροόΙίτη

181 3825 278 3896 (dha),-
300 3825 490 3900 Ἅμφαιτίονις
507 3824 716 3900 (metendae).
734 3870 739 3878 -
754 3829 860 3904 δίφρος,
870 3828 1005 3904 (λόφους)
1023 3834 1122 3886 ἐλαίνω
1141 3828 1277 3902 (ἐλαύνω)

179 3913 233 3970 rid.
252 3916 421 3986 Epimenism.
438 3918 559 3972 Cramer.
575 3919 679 3973 Aneed.
697 3921 785 3977 Oxou.
804 3923 882 3989 lt,-p.
899 3921 961 3974 367.
987 3914 1128 3988 ψαιστόν,
1156 3916 1274 3988 ψαιστόν
1337 3956 1351 3986 .
1411 3917 1420 3932 ’

177 4003 295 4072 Hesych.
331 4005 447 4076 (ξίφος)
475 3996 569 4074 ξόφος.
592 4005 768 4074 ,Epimerism
800 4007 880 4062 Hom.
934 4005 1025 4058 Nihilo
1060 4010 1150 4062 tamen
1183 4007 1275 4060 secius

181 4090 334 4144 Schwenkii
353 4090 546 4158 Etymologiam
564 4108 581 4144 a
599 4107 680 4159 scopo
699 4081 837 4144 aberrasse
857 4093 955 4146 docent
973 4092 1026 4144 alia
1043 4095 1125 4146 verba
1147 4093 1175 4145 in
1195 4083 1272 4165 ΐῶῐῇξ

181 4177 307 4232 exeuntia
328 4183 357 4230 ut
376 4172 596 4250 σκιαοιμοριιότης
621 4179 692 4246 apud
711 4180 842 4248 Eupolin‚
871 4176 1056 4250 Δειραδιώτης
1080 4181 1152 4249 apud
1169 4183 1272 4235 Pausa-

180 4265 251 4318 niam
271 4267 303 4333 ΙΙ,
321 4267 375 4332 24,Ι
383 4268 409 4320 Ι.
436 4261 593 4334 Λειψιώτης
622 4263 719 4319 medici
749 4270 856 4320 nomen.
903 4267 981 4336 Apud
1010 4269 1158 4322 Alcaeum
1171 4269 1274 4336 legiter

117 4355 121 4365 ‘
176 4347 380 4424 ἸΙςΙραςοιιόιααΙ
402 4353 459 4407 Ch·
477 4351 592 4406 hhrens
600 4353 680 4407 'lom
698 4355 730 4420 ΙΙ,
748 4368 780 4420 p.
793 4355 879 4408 540
1087 4387 1089 4394 =
1149 4369 1175 4404 ἰ.
1220 4358 1277 4414 ,Ι
