3044 4982
642 327 737 378 XXV*

7 529 9 568 3
108 486 238 568 linguae
271 481 400 568 aperire
419 484 630 560 conabantur.
682 483 745 550 Sed
772 487 1011 570 regulamque
1040 487 1126 571 apud
1156 511 1264 558 omnes

7 599 8 602 ’
110 590 232 670 coluit,
261 610 368 673 neque
389 589 507 674 ubicpse
523 597 685 667 ¹terrarum
704 591 839 674 proheta
859 601 917 654 est.
959 591 1058 655 Velut
1077 593 1265 676 Athenaeus,

113 718 186 760 cum
197 694 365 758 materiem
382 693 594 774 copiosissimi.
605 693 709 776 operis
731 717 748 758 e
770 695 859 758 libris
879 696 951 778 plus
969 695 1174 778 septingentis
1192 703 1265 763 con·

114 811 250 879 gereret,
277 797 432 880 plurimos
454 819 471 859 e
492 796 789 879 tragicislauderit,
816 810 852 862 ut
872 800 1039 879 Achaeum,
1060 801 1265 883 Agathonens,

113 901 356 984 Antiphontem,
377 899 604 981 Aristarchum,
625 902 789 982 Aristeam,
809 899 1075 985 Astydsma'ntem,
1090 903 1266 986 cercinum,

113 1003 376 1084 Chaeremonem,
404 1003 545 1085 Gricium,
574 1004 758 1087 Diogenem,
787 1007 985 1092 Dionysium,
1006 1010 1125 1086 Ionem,
1144 1009 1266 1076 Melen-

113 1106 235 1185 thium,
256 1105 490 1190 Phrynicbum,
509 1109 682 1189 Pratinam,
704 1109 903 1192 Sthenelum,
925 1109 1145 1175 llteodcctem.
1192 1113 1266 1176 Paci

118 1208 214 1272 modo
237 1208 515 1293 apudttobacom
537 1213 711 1294 fragmenta
736 1216 926 1296 Agathonis,
955 1215 1143 1294 Aristarchi,
1171 1217 1267 1299 Asty·

117 1310 281 1393 damantis,
299 1313 434 1395 Carcini,
456 1315 869 1398 cherronensis-Diogenis,
887 1318 1060 1401 lophontis‚
1079 1317 1268 1382 Theodectis

115 1415 306 1480 invenimus.
349 1413 578 1484 Neehtsrortoi
592 1421 682 1485 nohis
698 1421 828 1486 omnino
849 1421 971 1504 desunt,
992 1435 1164 1504 propterea
1179 1420 1264 1505 quod

116 1521 309 1582 mentionem
328 1522 695 1602 tragicorumfeoerunt.
742 1523 1011 1602 Quemadmodum
1032 1527 1204 1610 Dionysius
1226 1527 1265 1590 dc

114 1621 156 1686 iis
178 1622 322 1685 adhiberi
344 1634 467 1706 potest,
498 1626 554 1709 qui
575 1627 714 1695 studium
735 1627 868 1710 tragicae
889 1629 993 1711 poe'sis
1017 1651 1086 1702 cum
1108 1630 1265 1720 rhetoricp

117 1723 317 1804 mujrsnctum
347 1729 530 1812 coluerunty
567 1729 612 1794 sic
640 1729 801 1794 Diodorus
828 1735 931 1796 locum
959 1731 1083 1796 Cercini
1111 1735 1207 1796 habet
1234 1743 1266 1795 st

7 1897 8 1900 Ἴ
119 1839 259 1892 aetatem
283 1831 405 1916 Polyidi
432 1832 591 1912 declarat,
621 1845 653 1894 et
674 1835 832 1914 poeticum
853 1836 1002 1918 Dionysii
1023 1837 1105 1916 regis
1126 1838 1266 1897 heronem

7 1965 8 2022 3
117 1946 351 2014 commemorat.
393 1938 471 1999 ltem
482 1937 668 1998 Plutarchus
680 1935 736 1999 illa
749 1934 901 2015 doctrina,
918 1956 1012 2020 quiam
1028 1937 1146 2020 ubique
1161 1947 1266 1998 osten·

7 2033 9 2038 ’
117 2034 176 2114 dit,
204 2056 268 2098 non
290 2039 390 2100 solum
411 2059 522 2105 versus
543 2038 725 2118 Agathonis,
752 2039 846 2119 lonis,
870 2037 1056 2104 Theodectis
1078 2041 1112 2104 in
1133 2057 1205 2102 suos
1226 2039 1266 2102 li·

117 2139 193 2200 bros
214 2138 350 2219 inducit,
371 2139 426 2204 sed
449 2141 645 2204 narrationes
666 2159 796 2224 quoque.
814 2140 853 2203 de
874 2139 924 2204 his
945 2134 1078 2226 aliisque
1098 2141 1265 2206 memoriae

116 2240 270 2322 prodidit.
311 2242 378 2306 Nec
395 2244 565 2326 geographi
589 2245 629 2306 ab
649 2243 861 2306 illustratione
882 2245 973 2323 huius
994 2243 1056 2306 loci
1080 2245 1174 2325 plane
1195 2246 1265 2308 ebs·

117 2342 291 2410 tinuerunt.
342 2346 425 2412 Nam
447 2360 479 2410 et
499 2349 614 2414 strabo
635 2365 744 2412 uersus
768 2347 854 2410 Ionis
873 2346 1010 2431 'reliquit
1037 2357 1070 2410 et
1097 2347 1265 2412 Pausanias

115 2448 156 2512 de
176 2450 313 2532 Aristeu,
325 2450 493 2532 Choerilo,
513 2439 711 2536 ‘Hrynichm
738 2451 866 2516 Pratina
887 2450 1014 2532 scripsit
1035 2462 1067 2514 et
1087 2448 1265 2530 Stephanus

114 2555 309 2637 Byzantinus
336 2566 471 2620 aetatem·
496 2557 657 2640 librosque
680 2554 867 2618 'theodectis
891 2554 1085 2620 declararit.
1125 2554 1169 2618 Si>
1187 2573 1265 2619 vcro

114 2660 141 2718 ia
167 2665 364 2740 spectamur,
393 2658 449 2742 qui
477 2658 566 2723 coria
592 2659 756 2722 literarum
786 2679 899 2739 genera
921 2657 954 2720 in
976 2656 1101 2740 scriptis
1123 2673 1266 2738 compre-

113 2747 275 2841 hendunt,
306 2762 463 2842 Diogenes
484 2761 628 2826 laertius
649 2762 839 2826 mentionem
861 2760 994 2839 Achaei,
1022 2759 1265 2843 Astydamantis,

115 2864 279 2944 Diogenis,
299 2863 384 2926 Ionis
404 2865 489 2927 iecit.
533 2855 633 2943 Quat
655 2857 820 2946 exscripsit
842 2863 1014 2947 Hesychius
1035 2861 1189 2943 Milesius,
1210 2862 1265 2926 ubi

118 2985 227 3028 versus
249 2968 367 3030 Achaei
388 2955 534 3050 protulit.
577 2969 788 3032 Philostratus
809 2989 909 3048 pauca
930 2965 971 3030 de
991 2968 1171 3047 Agathone,
1196 2969 1264 3028 An-

115 3068 281 3150 tiphonte,
303 3071 403 3134 Critia
425 3071 562 3152 scripsit.
596 3073 682 3132 item
704 3089 745 3131 ex
767 3086 876 3129 eorum
896 3067 1004 3144 libris,
1026 3067 1153 3148 quires
1175 3069 1266 3131 fabu-

114 3173 198 3234 losas
223 3186 426 3254 enarrarunt,
452 3185 489 3236 ut
511 3171 664 3237 Antonini
684 3159 838 3234 liberalis
845 3214 856 3247 ,
883 3163 1088 3250 Apollodori,
1116 3168 1264 3248 Cononis,

114 3277 284 3340 Parthenii.
296 3289 361 3340 tam
381 3287 609 3358 argumentum,
633 3295 727 3360 quam
748 3271 933 3356 compositio
951 3270 1128 3334 tabularum
1150 3289 1263 3350 cogno-

115 3378 225 3442 scitur.
266 3379 329 3444 sed
353 3380 595 3464 quanquamsic
616 3380 719 3442 fontes
740 3397 887 3440 onomate
908 3373 1118 3454 instituimus,
1149 3385 1185 3436 ut
1207 3397 1264 3458 ap·

115 3495 244 3563 pareret
262 3483 366 3562 simul,
389 3484 445 3568 qui
466 3481 569 3547 studia
589 3475 760 3546 secundum
782 3475 872 3544 ilium
893 3497 1043 3544 moenem
1064 3477 1263 3558 direxissent,

116 3585 236 3670 quique
259 3585 295 3647 in
319 3573 401 3664 suis,
431 3602 501 3648 cum
527 3583 630 3647 literis
659 3603 789 3665 operam
819 3581 949 3660 darent,
978 3579 1039 3646 uiis
1066 3579 1264 3660 institissent,

116 3689 278 3752 Platonem
306 3699 430 3767 tamen,
457 3681 623 3773 postquam
644 3683 684 3750 ad
706 3676 912 3770 philosophos
933 3673 1093 3762 venimus,
1112 3683 1186 3745 licet
1207 3687 1265 3746 no·

118 3789 246 3872 minare,
268 3793 328 3856 etsi
348 3792 457 3856 multis
478 3793 569 3856 annis
590 3793 756 3858 antecessit
776 3790 898 3854 duobus
918 3785 1136 3868 grammaticis,
1157 3785 1263 3866 aqui-

116 3893 173 3956 bus
190 3893 270 3957 illud
291 3894 452 3958 decretum
468 3895 653 3978 accepimus.
695 3895 724 3958 le
745 3893 843 3974 igitur
863 3905 894 3956 et
914 3891 1013 3953 multa
1032 3886 1072 3951 de
1093 3885 1263 3968 tragoediis

113 3995 232 4077 prodit,
256 3999 364 4081 quales
387 4009 453 4061 tum
475 3997 541 4061 iere
566 3995 791 4074 scribebantur,
820 4005 852 4057 et
873 3995 1069 4074 Agathoncm
1090 3992 1124 4052 in
1146 3987 1263 4052 Conui·

113 4101 177 4180 uio,
199 4101 332 4167 Glitiam
353 4115 525 4186 tyrannum
546 4103 579 4165 in
602 4101 711 4180 Critiu,
739 4096 917 4177 Charmide,
937 4097 1074 4173 Timaeo,
1095 4093 1263 4154 Meletum-

110 4223 176 4286 que
197 4204 230 4266 in
248 4207 405 4289 Apologia
420 4206 557 4272 Socratis
578 4207 618 4270 ad
637 4206 721 4270 vitae
742 4201 978 4268 similitudinem
1001 4195 1152 4277 depingit.
1195 4193 1262 4258 Nec

115 4307 295 4372 Aristotelis
319 4312 416 4374 ullum
440 4322 487 4374 est
511 4310 660 4392 scriptum
682 4307 772 4372 nobis
794 4306 917 4370 inutile.
965 4301 1090 4362 Marcus
1114 4298 1261 4362 Aurelius

115 4408 216 4480 lotum
232 4413 407 4494 Agathonis
425 4415 529 4494 habet,
543 4413 695 4478 'nonnihil
716 4410 918 4494 corruptione
941 4403 1156 4486 depravat-um.
1201 4405 1264 4465 Lu·
