3076 4998
815 331 889 404 160

403 511 464 603 ἐμοί
483 513 518 587 di
540 506 604 598 τὴν
626 509 749 598 ἐσθῆθ’
762 508 837 595 ἅμα
858 508 980 600 γνώμῃ
1001 512 1102 598 φορῶ.

402 613 463 709 χρὴ
483 613 549 703 peip
571 612 719 701 ποιηοὴν
740 609 847 700 ἄνδρα
870 610 1022 698 sepienti
1044 612 1223 700 δράματα,

402 718 426 790 ὀί
446 721 494 789 det
514 731 645 799 ποιεῖν,
665 713 751 804 πρὸς
770 718 881 784 τοῦτο
902 708 983 791 eosic
1003 709 1152 802 τρόπους
1172 721 1270 807 ἔχειν.

402 813 509 892 αὐτίκ’
522 813 686 907 γυναικεῖ’
701 813 746 904 ἢν
766 820 850 906 ποιῇ
872 840 924 892 τις
944 816 1121 903 δράματα,

402 923 587 1009 μετουσίαν
608 921 741 990 delestis
761 918 898 1006 τρόπον
921 916 961 988 τί
981 915 1064 1003 οοίμ’
1077 924 1167 1008 ἔχειν
1181 919 1225 1012 1).ἱ

248 1027 339 1092 [Nec
361 1025 576 1105 verecundiee,
598 1026 747 1110 quonism
768 1027 821 1090 vir
843 1036 912 1087 eret
934 1025 1130 1108 libidinosus,
1154 1024 1247 1091 velde
1268 1027 1419 1108 pepercit.

274 1129 542 1210 Quemadmodum
563 1132 733 1211 superbum
755 1129 838 1193 vites
860 1149 957 1207 genus
978 1141 1101 1192 secutus
1124 1141 1181 1208 est,
1203 1141 1302 1212 utque
1325 1127 1419 1192 decus

273 1236 392 1298 lormue
412 1235 530 1316 pluris,
554 1255 649 1316 mrem
671 1233 793 1296 enimse
813 1231 964 1294 virtutem
985 1232 1177 1309 aestimavit,
1197 1233 1243 1294 ite
1265 1232 1364 1295 oculis
1385 1233 1417 1293 in

273 1361 324 1403 res
345 1351 490 1402 externas
512 1339 658 1416 conjectis
680 1359 715 1399 ec
736 1339 831 1420 plene
849 1333 970 1414 defixis,
994 1355 1065 1400 cum
1086 1336 1141 1402 vix
1161 1349 1280 1399 tentum
1302 1335 1418 1398 virium

272 1442 333 1506 sibi
354 1441 585 1521 reservavisset,
608 1453 644 1503 ut
665 1453 771 1522 posset
794 1439 976 1502 interiorem
1000 1461 1106 1502 rerum
1127 1453 1269 1504 usturam
1288 1439 1418 1517 intueri,

273 1567 343 1608 cum
367 1547 466 1635 multu
485 1545 518 1606 in
541 1543 732 1625 tragoediam
757 1555 961 1623 ornaments,
992 1555 1060 1606 tum
1090 1565 1126 1608 ee
1149 1543 1345 1625 potissimum
1369 1543 1418 1603 in·

272 1649 357 1726 tulit,
377 1668 458 1731 quse
474 1648 668 1710 extrinsecus
682 1647 856 1730 conquisito
874 1660 906 1709 et
920 1647 1096 1711 adventicia
1110 1647 1300 1724 viderentur,
1320 1665 1418 1728 quee-

273 1773 335 1836 que
357 1752 542 1832 gravitatem
566 1763 598 1812 et
618 1750 802 1830 dignitatem
824 1754 889 1828 eius
907 1751 1095 1814 minuerent.
1136 1751 1204 1814 lloc
1224 1750 1308 1812 enim
1328 1749 1419 1810 lebu-

271 1857 311 1918 lis
338 1875 483 1935 maguum
511 1852 712 1934 splendorem
738 1853 925 1916 conciliandi
950 1852 1087 1916 studium
1113 1853 1237 1918 temetsi
1257 1854 1333 1914 boec
1354 1850 1417 1913 dis·

272 1958 396 2040 putstio
418 1957 548 2020 omnino
571 1955 751 2033 declarabit,
774 1977 814 2020 ex
835 1957 891 2020 illo
913 1957 1049 2021 Socratis
1069 1961 1190 2040 lepore,
1210 1975 1302 2039 quem
1323 1974 1417 2035 supra

273 2060 449 2138 attigimus,
480 2059 599 2138 optime
626 2057 761 2137 intelligi
788 2071 903 2139 potest.
953 2060 1036 2122 Nem
1064 2057 1228 2142 splendide
1255 2057 1418 2140 sepientis,

273 2183 367 2248 quem
389 2161 595 2242 philosophus
619 2161 753 2226 Conviv.
774 2185 806 2244 p.
822 2166 884 2226 175
900 2157 937 2226 Ε.Ι
957 2165 1075 2246 carpit,
1096 2183 1255 2246 quamque
1274 2181 1417 2240 magnam

273 2279 305 2330 et
329 2263 523 2347 splendidum
546 2277 578 2329 et
599 2267 762 2347 pulchram
784 2266 942 2346 Agetboni
964 2289 1030 2330 esse
1054 2264 1230 2343 contendit,
1252 2265 1284 2326 in
1304 2263 1417 2326 iebulis
1529 2299 1531 2306 ι

273 2383 305 2434 et
324 2355 621 2452 scenecompnruit.
664 2369 1123 2450 cf.sydenhsm.adt1.1.
1166 2369 1223 2430 His
1244 2379 1349 2429 eutem
1369 2368 1418 2432 vi·

272 2473 325 2534 tiis
345 2472 378 2533 in
406 2492 557 2534 summam
579 2471 656 2532 ortis
682 2471 854 2552 perniciem
880 2473 1007 2536 videtur
1028 2475 1088 2534 boc
1109 2471 1293 2553 ampliorem
1313 2473 1416 2534 locum

272 2570 408 2651 dedisse,
431 2593 495 2656 quo
516 2573 660 2657 cupidius
680 2578 923 2655 spectatoribus,
945 2558 1066 2639 laxiore
1086 2577 1293 2656 mollioreque
1313 2577 1418 2655 poe'sis

252 2683 384 2756 'genere
406 2679 573 2759 praecipue
595 2675 774 2756 delectetis,
806 2681 971 2743 obsecutus
999 2691 1056 2742 est.
1107 2678 1185 2756 Quis
1213 2679 1293 2740 enim
1321 2677 1416 2742 fidem

271 2787 383 2859 polites
405 2780 508 2858 babet,
531 2778 614 2861 apud
632 2780 797 2842 Platonem
820 2796 852 2844 et
874 2782 1022 2860 judicium
1043 2795 1074 2846 et
1095 2783 1232 2846 favorem
1256 2779 1416 2860 publicum

273 2879 506 2945 contemnenti?
550 2879 700 2957 Quicum
720 2882 941 2946 verecundiam
959 2884 1086 2946 simulet
1102 2905 1138 2946 sc
1154 2885 1298 2946 timorem
1318 2905 1417 2966 quen·

272 2985 360 3062 dem,
392 2984 447 3066 qui
468 2986 589 3063 obstet,
617 2985 802 3068 quominus,
834 2987 961 3052 Socrete
985 2999 1149 3068 praesente
1169 2988 1342 3070 ceterisque
1363 3007 1418 3050 eu·

271 3086 444 3165 disntibus,
474 3087 574 3148 libers
602 3087 798 3166 ingredietur
828 3088 949 3167 dicere,
982 3111 1113 3173 cumque
1142 3091 1349 3173 philosophus
1377 3090 1416 3153 de

270 3203 357 3253 terte
378 3195 443 3267 eius
464 3189 632 3272 prudentie
652 3205 787 3274 propter
804 3193 953 3256 virtutem
971 3213 1179 3277 magnumque
1200 3195 1337 3256 animum
1359 3192 1417 3256 du·

270 3297 367 3372 bitot,
402 3313 496 3375 quem
526 3314 628 3374 nuper
659 3295 692 3356 in
726 3316 816 3357 scene
847 3297 1058 3377 praestiterit,
1088 3296 1258 3378 respondet
1289 3298 1417 3382 quidem

271 3419 303 3478 p.
323 3400 387 3459 194
408 3396 451 3460 B:
485 3397 528 3461 Τί
550 3395 624 3478 δαίς
660 3391 899 3484 ὦΣοίιιριιτες,
927 3396 989 3467 τόν
1009 3393 1197 3486 Ἀμιίθοινο
1221 3399 1348 3487 poleas,
1375 3394 1418 3468 οὐ

271 3493 382 3581 δήπου
402 3520 447 3579 μι
469 3495 558 3563 οὕτω
580 3495 728 3586 θεάτρου
749 3496 876 3585 μεοτὸν
898 3498 982 3588 ἡγεῖ,
1005 3501 1087 3569 ὥστε
1109 3504 1165 3570 καί
1186 3499 1333 3591 elysaeo,
1362 3500 1417 3572 ὅτι

271 3598 359 3667 νοῦν
381 3602 493 3686 ἔχοντι
518 3591 626 3686 ὀλίγοι
646 3604 812 3686 ἔμφρονες
836 3607 970 3672 πολλῶν
992 3599 1149 3690 οίφρόνυν
1172 3603 1418 3691 φοβερώτεροις

271 3700 334 3765 Sed
355 3703 455 3765 omnis
475 3703 545 3783 ille,
575 3717 742 3787 questum
765 3709 922 3790 sequitur,
950 3712 1052 3773 cretio
1073 3709 1211 3772 Socratis
1232 3726 1346 3786 magno
1368 3727 1419 3768 er·

271 3817 419 3894 gumento
437 3819 492 3887 est,
511 3809 707 3889 Agathonem
725 3809 801 3871 hoec
820 3814 1049 3894 sapientissimo
1070 3813 1190 3876 bomini
1210 3832 1323 3893 perum
1345 3831 1419 3892 per·

341 4078 372 4150 l)
390 4079 443 4134 Sed
462 4081 566 4150 nescio,
595 4081 641 4156 qui
660 4081 733 4138 Gru
740 4105 758 4157 p
765 4085 846 4158 pius
868 4085 979 4142 Ariadn.
998 4107 1024 4159 p.
1041 4089 1095 4142 ttt
1118 4082 1295 4139 Scholiastnm
1313 4089 1421 4134 censeat

270 4167 412 4221 notissimis
430 4169 516 4223 verbis
534 4174 576 4222 tut
592 4169 643 4241 γάρ
661 4175 779 4242 μαλακίᾳ
797 4171 915 4226 indolem
935 4177 1021 4246 po'elsie
1039 4171 1216 4245 descripsisse,
1236 4189 1299 4224 cum
1317 4188 1348 4223 ee
1368 4187 1421 4239 po-

271 4253 322 4308 tius
339 4257 373 4308 ed
391 4257 530 4328 ingenium
549 4277 581 4312 ec
596 4277 686 4314 mores
703 4271 831 4332 speclent.
867 4261 921 4317 Sed
939 4264 1009 4317 idem
1028 4261 1095 4315 baec
1113 4259 1229 4314 disserit:
1250 4255 1335 4325 „Mau
1350 4255 1427 4309 werf

271 4337 331 4392 dem
351 4341 475 4412 Agathou
500 4345 630 4402 euweilen
654 4349 726 4404 seins
745 4348 927 4420 Zierlicbleit,
953 4351 1000 4408 dee
1026 4349 1150 4422 Blumige
1175 4346 1231 4402 und
1250 4339 1421 4400 Weicblicbe
1526 4381 1527 4425 ,

271 4427 359 4482 seiner
377 4429 470 4484 Possis
489 4431 559 4486 sor?
