3048 4998
1212 321 1298 396 25⁷-

122 485 287 570 γενέσθαι
308 483 401 566 de·-
359 487 582 578 -ἕχρήοοτο
603 491 716 579 μέλεοι
736 496 929 586 accceptior,
947 497 1005 564 καὶ
1027 491 1113 578 ὅλως
1134 501 1198 584 τήν
1220 506 1290 592 τέχ-

123 612 188 672 νην
216 590 426 678 rpoream.
481 597 652 690 Ejusdem,
683 609 720 667 ut
750 611 867 691 poetae
898 603 1085 690 κατεαγότα
1117 607 1290 708 κρούματοι

122 695 312 788 γράφοντος
332 701 442 772 Schol.
465 703 581 774 Acsch.
604 727 633 772 c.
655 700 738 774 Tim.
761 711 791 794 ᾗ.
815 707 938 778 72n‘
912 735 958 789 ως
979 715 1123 794 ποιητοῦ
1145 723 1291 807 τρυφερὰ

120 810 181 873 καὶ
198 808 400 896 nupoinmy
380 806 568 900 γράφοντος
588 811 672 880 Plut.
686 810 782 881 Dem
795 837 822 882 c.
837 814 892 898 lV,
915 829 951 886 ut
971 815 1120 902 αὐλητοῦ
1139 829 1202 910 μοι]
1199 824 1292 892 uxori

122 912 266 982 Gramm
288 915 389 984 Bekt.
411 918 533 987 hnccd.
555 941 587 1009 p.
609 920 672 984 221
697 921 915 989 meminit·—
937 924 1005 994 Sed
1033 927 1115 997 haec
1144 931 1185 998 de
1212 930 1291 1000 deli·

122 1021 238 1090 catulis
259 1023 328 1091 istis
351 1025 544 1094 carminibus
566 1025 734 1093 sufficiant.

208 1127 295 1219 Lyra
317 1130 431 1198 decern
458 1129 571 1198 fidibus
601 1131 757 1200 instructa
783 1131 894 1202 Ionem
912 1135 1035 1205 Chium
1055 1163 1153 1209 usum
1175 1145 1292 1228 terunt,

122 1233 186 1302 nisi
206 1235 365 1327 Berglrius
381 1235 478 1304 PLG.
489 1259 520 1328 p.
531 1238 596 1304 427
618 1237 718 1306 verba
739 1237 883 1308 Euclidis
906 1246 1107 1314 emendatius
1130 1246 1255 1339 legit
1229 1273 1291 1320 erc:

124 1338 333 1430 ἱνδεκὰχορὸε
365 1337 450 1432 λορα
479 1340 693 1430 δεκαβὰμοοα
727 1341 870 1428 ougast
849 1369 971 1434 οχοοοα
1001 1352 1070 1420 nrt.
1120 1355 1202 1423 Utut
1230 1367 1290 1442 cst,

123 1448 196 1517 lo
186 1473 256 1540 ipse
287 1473 395 1542 neque
426 1451 586 1519 decimam
615 1458 723 1543 neque
751 1453 955 1523 undecimam
983 1459 1102 1552 adjecit
1125 1459 1290 1546 chordam,

76 1645 81 1654 Ι
123 1556 184 1624 sed
205 1557 267 1625 hoc
289 1556 425 1624 aliorum
445 1566 570 1624 tantum
583 1558 716 1625 invento
729 1577 809 1626 usus
826 1571 883 1628 est
926 1563 1014 1634 Nam
1029 1567 1155 1634 decima
1170 1568 1290 1636 chorda

123 1664 228 1754 lyram
250 1664 341 1731 auxit
362 1663 523 1731 Histiaeus
547 1662 784 1754 Colophonius,
806 1668 977 1736 undecima
998 1693 1077 1740 vero
1099 1671 1289 1744 Timotheus

124 1764 290 1853 Milesius,
312 1779 451 1838 novator
469 1769 524 1838 ille
546 1780 578 1838 et
599 1770 823 1860 cupidissimus
851 1783 884 1840 et
904 1775 1180 1864 prudentissimus.
1223 1780 1290 1849 Pli·

124 1878 199 1944 nius
231 1877 361 1970 quidem
390 1876 431 1944 H.
453 1875 494 1946 N.
516 1874 584 1960 Vll,
605 1877 649 1942 56
679 1877 720 1944 ab
751 1901 790 1946 eo
823 1901 944 1947 nonam
973 1881 1103 1951 affixam
1135 1885 1290 1954 chordam

123 1985 230 2050 tradit
280 1979 347 2052 Sed
376 1981 594 2052 Nicomachus
616 1982 726 2050 Herm.
749 1982 784 2068 ll,
805 2007 837 2076 p.
859 1986 903 2053 35
925 1987 1036 2058 Meiba
1072 1988 1244 2076 Τιμόθεος
1271 1990 1290 2060 ὁ

126 2085 296 2170 Μιλήσιος
318 2088 386 2178 τὴν
400 2085 578 2173 ἑνδεκάτην
588 2087 715 2177 χορδὴν
728 2091 889 2180 apenninos,
909 2117 1016 2186 neque
1032 2093 1123 2164 aliter
1134 2099 1290 2168 Boethius

126 2207 160 2265 et
196 2196 529 2268 Lacedaemoniorum
575 2195 760 2280 decretum3
806 2196 856 2264 cll
896 2201 1024 2269 Joanne
1063 2203 1292 2274 Sorisberiensi

125 2303 309 2396 llletalogic.
323 2328 353 2395 p.
367 2307 418 2371 79.
433 2303 477 2370 80
497 2303 586 2387 (Par
604 2304 695 2371 1610.
715 2305 767 2388 8)
812 2303 1004 2373 Plutarchus
1027 2309 1156 2377 enimc.
1172 2309 1291 2380 XXIX

125 2413 232 2478 minus
252 2410 482 2502 significanter:
510 2398 608 2487 οὗτος
634 2408 697 2496 γὰρ
719 2407 963 2536 inrcpddyyryc
987 2414 1046 2494 τῆς
1066 2411 1203 2504 λύρης’
1185 2441 1291 2506 vnum

123 2515 249 2605 χοὺσης
268 2517 327 2596 ἕως
350 2515 397 2596 εἰς
420 2517 644 2608 Τέρπανδρον,
667 2513 892 2610 διέρῤοψεο
860 2541 906 2598 εις
928 2518 1084 2600 πλείονας
1105 2521 1290 2616 φθόγγους,

126 2647 226 2716 quern
246 2625 356 2694 locum
386 2625 555 2692 manifeste
581 2635 769 2716 corruptum
797 2635 910 2695 censet
928 2625 1112 2698 Boeekhius
1136 2630 1176 2699 de
1198 2631 1290 2700 Metr.

126 2733 219 2800 Pind.
241 2755 271 2823 p.
293 2731 369 2798 205.
389 2733 420 2798 8.
469 2730 680 2800 Probabiliter
707 2733 815 2822 itaque
838 2731 1017 2801 ltleinekius
1042 2736 1075 2802 in
1096 2734 1293 2807 Phereotnte

127 2836 257 2906 δώδεκα
279 2845 457 2906 commutat
475 2838 509 2905 in
531 2835 655 2902 ἕνδεκα.
695 2837 770 2922 Qua
787 2837 821 2903 in
842 2860 877 2904 re
899 2838 1017 2906 mirum
1037 2838 1102 2908 hoc
1123 2850 1182 2924 est,
1204 2842 1292 2932 quod

128 2965 192 3040 quo
213 2947 345 3014 invento
367 2943 459 3014 nobis
486 2943 527 3011 de
548 2941 671 3011 Musica
694 2943 815 3034 optime
845 2943 977 3012 meritus
1003 2945 1145 3030 videtur,
1174 2947 1292 3016 eodem

126 3077 172 3122 ex
198 3062 346 3122 veterum
376 3051 572 3120 eruditorum
603 3048 771 3116 hominum
799 3071 938 3117 censura
967 3051 1162 3142 depravasse
1190 3063 1292 3123 artem

125 3157 323 3232 crederetur.
368 3160 433 3228 Glr.
454 3179 514 3224 nos
534 3179 565 3248 p.
581 3157 650 3223 113.
703 3156 861 3247 Superest
882 3154 975 3225 locus
1000 3157 1293 3252 Ps'eu'docensor‘iui

127 3291 159 3362 p
185 3269 246 3335 145
269 3269 333 3352 (ed.
349 3261 714 3357 Lugd.ttt3y:„1nde
735 3263 851 3330 iecisse
877 3272 942 3330 tres
971 3265 1096 3355 primos
1114 3265 1157 3334 de
1177 3266 1292 3358 quihus

128 3399 227 3466 supra
255 3375 375 3441 dictum
405 3380 469 3454 est,
502 3369 586 3439 hano
613 3371 781 3460 excepisse
814 3371 1037 3437 extensionem
1061 3369 1182 3440 Linon
1195 3381 1293 3464 quern

126 3482 260 3574 quidam
273 3478 446 3570 Apollinis
451 3477 550 3546 filium
572 3477 701 3544 tradunt
720 3485 753 3544 et
766 3474 938 3565 Nymphae
949 3475 1144 3578 Pammenes
1158 3477 1294 3570 Chryso

128 3587 249 3656 hemidi
278 3584 462 3676 reliquisse,
490 3585 531 3651 nb
558 3607 597 3652 eo
626 3583 813 3676 adjunctum
834 3581 968 3650 modum
990 3569 1046 3674 qui
1064 3607 1293 3676 synemmenas

129 3696 259 3778 dieitur3
286 3692 373 3760 hunc
404 3711 576 3758 numerum
603 3693 734 3758 adesse
745 3687 987 3780 Terpondmm
1022 3691 1202 3783 adjectione
1225 3690 1293 3758 die-

128 3823 343 3892 zeugmenon,
366 3799 420 3890 qui
440 3798 563 3888 primus
585 3819 605 3864 a
626 3798 806 3886 gravibus'
798 3819 831 3863 m
847 3805 978 3862 acutum
993 3797 1157 3878 avertitur,
1177 3794 1293 3864 deinde

131 3906 321 3977 Timotheus
343 3905 463 3974 addidit
485 3902 566 3970 duos
588 3923 782 3992 paramesen
803 3912 835 3970 et
853 3900 1110 3992 hyperboleon.”

218 4013 354 4102 Corrige
375 4014 402 4080 si
424 4011 501 4080 tanti
524 4017 589 4078 est:
615 4007 801 4098 „nymphae
823 4008 1034 4075 Paramesae:
1057 4005 1168 4096 [hunc]
1189 4007 1294 4098 Chry-

131 4119 302 4188 sothemidi
324 4119 501 4209 reliquisse,
524 4116 564 4183 ab
587 4137 626 4183 eo
649 4121 743 4206 sqq.''
785 4114 961 4198 „Avertit”
983 4112 1128 4181 Manutio
1150 4112 1293 4182 debetur.

133 4228 288 4294 Ceterum
300 4224 386 4292 hunc
400 4223 518 4304 locum,
541 4221 686 4314 quamuis
700 4219 920 4312 hyperboleon
933 4222 1052 4312 injecta
1067 4220 1294 4302 mentione,·iu

132 4355 181 4415 ea,
206 4355 288 4423 quae
311 4332 351 4399 de
373 4331 566 4401 chordarum
589 4329 737 4396 auctione
760 4329 905 4421 quaestio
929 4337 992 4412 est,
1023 4325 1101 4396 nihil
1123 4347 1294 4396 moramur.

906 4443 909 4452 '‘
1054 4435 1093 4498 17
