3076 4998
807 319 881 398 158
986 383 994 394 .

271 507 398 570 easdmm
425 527 441 567 c
466 511 541 568 turri
576 511 796 572 Maecenatiana
820 519 1003 589 prospectans
1026 511 1172 594 laetusque
1193 515 1356 596 flammae,
1389 531 1419 578 ut

270 610 383 693 ajebat,
410 609 615 688 pulchritudine
636 606 759 675 ἅλωσιν
780 611 827 670 lut
845 614 874 670 ia
895 611 939 670 illc
960 631 1012 672 suo
1030 617 1138 674 scenico
1159 615 1258 676 habita
1278 619 1418 681 decanta-

213 753 217 764 ·
269 711 332 776 cit.”
373 712 481 792 ltaque
502 709 695 773 Ritterus
716 731 786 774 eum
807 712 891 773 hune
917 711 1041 790 linguae
1065 733 1156 774 usum
1178 717 1416 798 observavisset,

269 810 461 892 tragoediam
488 810 572 893 apud
594 813 796 875 Aristotelem
823 833 860 874 eo
888 814 1014 876 nomine
1041 817 1148 878 uocari
1173 819 1310 897 negavit.
1353 821 1415 884 Sed

267 917 474 1004 philosophus
494 929 711 997 argumentum
731 914 863 997 iudieat3
884 916 1145 1000 quemadmodum
1164 931 1197 981 et
1213 919 1272 982 iste
1288 923 1414 986 latetur.

267 1020 334 1083 Nos
361 1034 465 1083 autem
495 1042 535 1083 ex
562 1031 746 1100 argumento
774 1039 888 1083 nomen
915 1016 1020 1088 Ἰλίου
1042 1022 1181 1105 Ilipam,
1211 1024 1298 1106 quod
1319 1028 1413 1088 Her.

267 1145 409 1188 manno
428 1126 600 1208 ceterisque
618 1125 744 1206 placuit,
766 1125 951 1187 eliciendum
969 1125 1168 1187 arbitramur.
1212 1125 1313 1203 Quem
1329 1131 1413 1190 enim

266 1228 457 1309 tragoediae,
481 1251 542 1312 qua
564 1230 699 1307 fabulas,
721 1228 761 1292 ad
783 1229 973 1292 dirutionem
996 1230 1108 1305 Troiae
1130 1241 1320 1310 eportantes,
1342 1233 1412 1293 uni·

265 1353 372 1396 versas
397 1335 436 1395 ah
459 1334 621 1413 Agathone
648 1345 788 1396 narratas
815 1331 972 1411 concedit,
1001 1332 1129 1394 titulum
1157 1333 1251 1396 luisse
1278 1332 1411 1396 statuit?

264 1435 328 1497 Aut
357 1457 454 1517 qsmre
484 1447 699 1516 argumentum
731 1440 814 1514 ejus,
846 1447 878 1497 et
907 1454 971 1497 non
992 1433 1069 1496 item
1094 1455 1208 1498 nomen
1233 1455 1250 1496 a
1272 1429 1408 1498 carmine

264 1537 353 1618 epieo
376 1536 503 1601 ductum
526 1559 592 1604 esse
614 1539 781 1618 existimat,
801 1539 887 1623 quod
905 1540 1053 1603 Aretinus
1074 1552 1105 1602 et
1123 1540 1254 1604 Leaenae
1276 1542 1409 1622 seripse-

262 1639 362 1705 runt?
405 1643 614 1724 Philosophus
636 1643 735 1723 enim,
760 1654 795 1704 ut
817 1643 890 1705 illos
908 1640 1136 1724 reprehendat,
1158 1644 1213 1726 qui
1233 1643 1408 1723 tragoediae

158 1827 161 1836 Ι
262 1742 301 1805 ad
323 1744 559 1808 similitudinem
581 1748 742 1828 epicorum
769 1747 941 1810 carminum
968 1759 1173 1830 componant,
1206 1747 1409 1830 quemadmo-

262 1845 337 1910 dum
364 1863 581 1929 argumentum
610 1871 650 1912 ex
670 1849 768 1912 Iliade
789 1852 822 1913 in
845 1849 1036 1931 tragoediam
1060 1849 1231 1931 cogendum
1251 1871 1317 1912 non
1342 1871 1409 1914 esse

262 1964 383 2032 censet,
417 1953 462 2016 ita
485 1955 663 2034 exemplum
691 1955 863 2033 Agathonis
889 1954 1031 2035 adhibet,
1063 1956 1180 2038 quippe
1207 1955 1263 2037 qui
1284 1974 1408 2017 omnem

260 2073 328 2114 rem
350 2055 431 2135 epici
453 2057 613 2135 cuminis,
635 2056 720 2139 quod
743 2053 848 2124 ’Ilico
868 2059 994 2140 Πέρσας
1017 2058 1261 2135 inscribebatur,
1285 2069 1408 2138 tragoe-

261 2153 330 2218 diae
359 2159 534 2235 subjecerit.
578 2159 620 2220 Et
648 2161 702 2222 alii
728 2169 843 2241 potitae
871 2160 980 2239 tragici
1008 2159 1183 2240 tragoedias
1212 2159 1322 2224 eodem
1350 2181 1408 2223 no·

259 2261 343 2322 mine
360 2264 534 2343 appellasse
554 2261 710 2326 dicuntur.
753 2264 833 2326 Nam
852 2260 958 2332 ’Ilt'ou
975 2263 1099 2348 Πέρσις
1114 2265 1262 2344 lophonti
1276 2285 1295 2326 a
1309 2262 1407 2326 Suida

260 2375 292 2424 et
311 2363 448 2425 Eudocia
469 2366 620 2428 tribuitur
635 2367 680 2453 (v.
695 2389 782 2449 supr.
799 2390 830 2448 p.
846 2363 922 2449 76.),
944 2385 1123 2448 quanquam
1144 2366 1178 2427 in
1201 2378 1290 2428 textu
1312 2367 1405 2444 hujus

258 2465 541 2529 Villoisonius
562 2465 669 2545 Ἴλιος
690 2465 814 2554 Πὲρσις
836 2469 979 2550 scripsit3
1013 2469 1140 2552 Πέρσιν
1163 2462 1184 2550 ἢ
1206 2466 1404 2551 Πολυξένην

257 2567 439 2630 Nicomachi
462 2569 573 2633 Suidas
598 2593 621 2634 s.
641 2595 675 2637 u.
698 2585 729 2635 et
750 2571 888 2634 Eudocia
909 2593 942 2652 p.
959 2574 1024 2634 310
1047 2583 1238 2650 memorant3
1261 2569 1405 2634 addimus

257 2671 394 2756 denique
414 2673 606 2753 tragoediam
629 2675 832 2758 cleophontis
863 2676 986 2758 llc'pcte
1008 2685 1164 2752 vocatam,
1187 2673 1226 2736 de
1249 2696 1310 2756 qua
1331 2674 1404 2736 sui-

259 2775 314 2839 das
336 2797 361 2839 s.
384 2799 414 2840 v.
457 2779 591 2862 Exque
615 2779 768 2858 cernitur,
789 2779 1003 2857 Agathonem,
1026 2799 1096 2840 cum
1118 2778 1288 2852 multi-hoe
1310 2797 1404 2856 argu·

256 2891 397 2942 mentum
424 2881 640 2946 tractavissent
663 2890 792 2963 poe'tas,
823 2883 862 2943 ab
883 2882 1072 2959 Aristotele,
1101 2882 1188 2946 velut
1214 2881 1404 2961 exemplum,
1502 2900 1511 2917 ·

255 2986 449 3048 nominatum
474 3008 550 3050 esee.
594 2984 656 3049 Sed
678 3005 734 3048 nos
754 2985 837 3046 infra
859 3005 928 3046 cum
950 2985 1158 3065 argumentis,
1183 2994 1249 3044 tum
1271 2982 1403 3046 rationi·

254 3089 312 3150 bus
334 3103 365 3152 et
388 3092 480 3154 certis
501 3103 532 3154 et
554 3089 730 3152 illustribus
753 3087 968 3150 demonstrare
997 3089 1195 3164 conabimur,
1226 3086 1285 3147 boc
1310 3106 1402 3167 prae-

255 3205 378 3274 ceptum
405 3195 587 3276 philosophi
613 3193 707 3255 latius
728 3193 866 3273 patuisse
887 3192 926 3254 ad
948 3194 1088 3276 aliosque
1111 3189 1300 3273 pertinuisse
1320 3197 1397 3269 poe·-

253 3306 311 3374 tas,
333 3297 389 3380 qui
410 3297 471 3358 alia
493 3316 620 3379 quoque
641 3307 824 3375 argumenta
847 3315 887 3355 ex
909 3294 1069 3375 epicorum
1091 3294 1264 3356 carminum
1285 3291 1400 3355 fabulis

253 3410 397 3478 repetere
419 3412 595 3480 coeperant.
641 3400 753 3482 Neque
779 3401 935 3463 sententia
954 3399 1115 3463 Ritteri
1134 3421 1154 3461 a
1174 3383 1399 3461 Welcltero

253 3500 309 3562 Tr.
330 3499 386 3563 Gr.
405 3503 440 3564 P.
462 3504 515 3566 Ill.
535 3527 568 3585 p.
588 3508 651 3569 993
681 3527 784 3588 nuper
811 3509 946 3588 probata
974 3518 1029 3570 eet.
1074 3497 1215 3579 Maeotia
1236 3506 1302 3579 eius
1324 3501 1400 3562 Plu·

253 3603 379 3665 tarchus
409 3603 517 3686 Symp.
537 3606 627 3687 lll,1
658 3622 892 3673 commemorat.
911 3645 954 3658 —
992 3609 1215 3687 Fragmentum
1241 3604 1399 3686 'ibyastae

253 3704 338 3788 apud
365 3707 559 3772 Athenaeum
585 3713 653 3775 ΧΠ,
682 3737 715 3795 p.
736 3717 798 3779 528
821 3715 863 3776 D.
893 3727 924 3776 et
953 3713 1096 3776 Eustath.
1122 3709 1164 3772 ad
1191 3709 1286 3772 Hom.
1308 3704 1397 3768 Iliad.

252 3829 284 3888 p.
305 3811 388 3872 1292
417 3810 602 3878 invenimus.
645 3815 763 3879 Locum
788 3817 921 3896 Telephi
943 3817 1123 3877 Athenaeus
1145 3813 1187 3873 X.
1214 3833 1246 3891 p.
1270 3812 1334 3872 554
1355 3811 1396 3871 D.

252 3912 355 3974 habet.
405 3915 570 3979 Praeterea
599 3917 682 3982 idem
710 3921 818 3984 multis
848 3921 923 3981 locis
954 3917 1118 3995 laudatur,
1150 3915 1189 3976 cl.
1216 3913 1333 3974 Athen.
1353 3913 1397 3975 V.

230 4027 284 4095 ‘p.
308 4019 367 4082 185
389 4019 427 4080 A.
448 4018 493 4096 B,
522 4042 556 4100 p.
575 4025 636 4083 211
663 4023 706 4102 E,
737 4025 780 4086 X.
800 4015 833 4103 'p.
855 4025 918 4085 445
941 4020 983 4098 C,
1019 4020 1103 4081 XIlI.
1131 4041 1164 4099 p.
1187 4018 1268 4096 5843
1305 4014 1395 4076 Stob.

249 4115 349 4181 Serm.
364 4143 414 4202 ap.
428 4123 542 4186 Weeh.
559 4128 611 4202 28,
635 4129 707 4206 117,
731 4129 803 4206 123,
823 4130 895 4203 139,
914 4129 1078 4202 152,169,
1097 4125 1170 4198 171,
1189 4122 1262 4181 198.
1306 4117 1395 4180 Stob.

247 4219 352 4301 Eelog.
374 4225 431 4286 Ph.
455 4225 480 4303 l,
501 4231 541 4288 11
565 4227 615 4291 ed.
637 4229 725 4291 Cant.
748 4229 786 4313 (l,
809 4231 841 4307 9,
864 4229 916 4292 17.
938 4226 986 4290 ed.
1009 4224 1134 4310 Hecu),
1158 4221 1201 4286 id.
1220 4218 1307 4298 ibid,
1329 4221 1395 4280 An·

248 4332 315 4383 ton.
335 4335 366 4384 et
388 4327 520 4390 Maxim.
541 4351 591 4411 ap.
614 4332 734 4395 Weeh..
750 4331 850 4394 Serm.
874 4335 945 4409 140,
968 4330 1056 4409 ibid,
1088 4328 1219 4391 Aristct.
1240 4325 1333 4386 Rhet.
1355 4324 1395 4401 ll,

250 4425 302 4484 19.
345 4423 408 4508 (ct.
430 4427 561 4496 Person.
586 4431 626 4495 ad
651 4433 762 4515 Eurip.
782 4435 900 4498 Heeub.
926 4432 1039 4517 1090);
1071 4431 1147 4494 ibid.
1168 4434 1226 4508 243
1259 4426 1391 4488 Aristot.
