3086 4992
797 315 847 388 54

253 509 308 572 alii
329 527 406 574 vero
428 506 466 570 de
489 507 591 569 forma
613 501 756 586 corporis
777 514 981 587 acceperunt,
1004 525 1099 589 quam
1121 523 1190 566 cum
1213 523 1320 585 upups
1345 506 1401 568 hs·

251 611 369 674 buisset
402 629 607 672 communem.
659 610 696 669 ln
725 609 838 672 horum
868 627 1017 686 numero,
1046 608 1081 670 ni
1109 607 1264 685 fallimur,
1298 606 1403 690 Didy-

252 732 320 775 mus
357 711 435 790 fuit,
470 713 528 795 qui
563 712 639 774 alibi
672 731 816 794 qunque,
857 721 893 772 ut
923 711 957 772 in
988 711 1108 774 Avibus
1139 713 1237 789 1293,
1271 711 1402 774 nomina

253 815 367 892 arium,
391 814 568 877 hominihus
590 813 672 892 data,
696 835 766 876 cum
788 839 807 876 a
829 835 953 877 morum
973 815 1153 898 ingeniique
1177 814 1304 878 deberet
1324 836 1402 897 pro-

252 919 438 1002 prietatibus
460 918 582 996 ducere,
604 916 643 978 ad
664 917 794 998 figuram
817 918 959 1001 corporis
974 919 1095 981 retulit.
1138 916 1242 980 Schol.
1256 916 1295 979 ad
1312 919 1344 979 h.
1359 920 1399 981 l.:

252 1019 299 1090 ‘0
312 1021 346 1090 δὲ
360 1021 511 1104 Δίδυμος
527 1022 682 1105 Θεαγένη
702 1021 757 1088 καί
780 1023 944 1090 Φιλοκλέα
969 1021 1070 1104 φησίν
1088 1012 1284 1103 &meadum
1300 1019 1400 1088 εἶναι.

252 1126 300 1188 En
330 1124 520 1204 ingeniosam
550 1122 749 1186 Chalcenteri
778 1125 932 1188 rationem
963 1123 1101 1186 ludibria
1129 1121 1318 1184 comicorum
1345 1143 1400 1184 ex-

188 1263 197 1280 .
252 1223 408 1307 ponendi!
451 1225 486 1288 Si
518 1225 557 1287 de
588 1227 689 1288 forma
722 1228 814 1304 hujus
846 1227 983 1290 Thersiti
1012 1226 1170 1288 simillime
1198 1225 1398 1305 exploratum

253 1328 373 1410 aliquid
399 1328 582 1390 habuissent
603 1330 766 1393 veterrimi
787 1329 997 1408 Scholiastae,
1018 1351 1058 1392 ne
1080 1351 1160 1394 unns
1181 1326 1309 1412 quidem
1331 1347 1398 1390 eam

254 1430 380 1493 silentio
401 1433 669 1512 praetermittere,
692 1431 747 1496 sed
764 1434 797 1494 in
820 1431 1011 1496 enucleanda
1033 1433 1142 1497 comici
1162 1433 1316 1496 sententis
1332 1450 1400 1493 orn·

254 1551 309 1592 nes
331 1549 573 1595 commemorare
598 1533 787 1598 debuissent.
830 1538 872 1597 At
901 1554 965 1597 non
995 1555 1102 1598 omnes
1122 1535 1312 1598 mentionem
1332 1539 1399 1614 ejus

254 1635 413 1714 iecerunt,
435 1636 645 1701 utSchnliaet.
664 1637 703 1700 ad
726 1641 870 1702 Amase.
891 1643 930 1706 ἐν
951 1637 1055 1714 ἐνίοις
1076 1636 1112 1704 δὲ
1132 1632 1397 1722 ιίποιινὴιιασιν,

254 1733 307 1803 ὅτι
329 1739 540 1823 προκέηαλός
561 1746 663 1819 ἐστιν,
693 1736 736 1815 τίς
756 1745 869 1821 ἔποψ,
884 1740 987 1804 docet.
1029 1740 1095 1804 Nec
1124 1740 1195 1802 talis
1216 1739 1397 1803 deformitas

253 1838 401 1902 Philoclis
422 1840 456 1904 in
479 1843 549 1905 aliis
571 1841 760 1904 comicorum
781 1843 858 1905 locis
881 1856 948 1906 erat
965 1843 1077 1908 derisa.
1120 1843 1156 1906 ld
1176 1841 1259 1904 enim
1281 1862 1322 1903 ex
1342 1843 1400 1904 ob·

254 1941 351 2004 scuris
373 1945 478 2007 verbis
499 1945 689 2008 scholiastae
706 1938 777 2011 ἀλλ’
796 1941 952 2030 οὐδαμοῦ
968 1941 1198 2031 κεκωμῴδηται
1216 1943 1398 2023 colligimus,

254 2043 368 2122 quibus
391 2042 591 2122 autoritate,
617 2058 672 2108 aut
701 2041 755 2112 διαί
787 2047 891 2116 τοῦτο
920 2045 1060 2124 adjiciam
1068 2091 1078 2126 ,
1100 2065 1171 2129 ·quo
1200 2047 1292 2128 plena
1320 2045 1398 2108 fient

255 2143 439 2228 possintque
461 2146 607 2225 intelligi.

341 2245 475 2312 Centum
496 2249 617 2312 fabulas
640 2249 756 2330 docuit,
781 2271 916 2334 quarum
939 2262 1059 2336 septem
1081 2249 1266 2316 nominatim
1287 2255 1397 2335 appel·

253 2350 368 2412 lentur.
393 2350 482 2414 Suid.
505 2373 530 2413 s.
551 2371 600 2414 σε
622 2357 749 2438 ἔγραψα
769 2352 952 2441 τραγῳδίας
975 2347 1013 2438 ρ’,
1034 2343 1081 2422 ὧν
1102 2359 1171 2424 ἐστι
1192 2355 1247 2422 καλ
1268 2358 1396 2424 ταῦτα·

251 2446 430 2537 Ἠριγόνη,
444 2451 640 2532 Ναύπλιος,
659 2457 836 2534 Οἰδίπους,
857 2452 994 2536 Οἰνεύς,
1012 2457 1184 2540 Πρίαμος,
1199 2454 1397 2543 Πηνελόπη,

256 2551 474 2640 Φιλοκτήτης.
516 2555 577 2620 Sed
605 2559 709 2621 omisit
741 2558 851 2622 Suidae
879 2557 1103 2622 Pandionidem
1126 2561 1334 2641 tetralogiam,
1356 2561 1396 2624 de

254 2671 317 2733 qus
328 2653 491 2720 Scholiast.
512 2657 551 2722 ad
572 2660 734 2744 Aristoph.
758 2664 816 2724 Au.
828 2663 908 2723 282:
926 2649 1026 2734 adcor
1043 2655 1060 2728 ὁ
1075 2663 1238 2746 Φιλοκλῆς
1249 2659 1396 2732 ”Eueno

254 2750 434 2824 ἐσκεύασεν
457 2765 493 2828 ἐν
515 2765 557 2849 τῇ
582 2762 787 2831 Πανδιονίδι
809 2763 1003 2850 τετραλογία
1010 2812 1022 2842 ,
1044 2754 1128 2849 odsi
1148 2757 1244 2854 ἇρχτί·

468 2866 514 2930 Σὲ
538 2869 605 2932 τῶν
627 2860 766 2933 πάντων
791 2859 959 2951 δεσπότην
981 2867 1074 2952 λέγω.

249 2951 390 3033 ’'Attnr·
435 2963 586 3034 Φιλοκλεῖ
604 2974 672 3036 ἐστι
694 2968 807 3053 δρᾶμα
837 2961 967 3053 Τηριδς
993 2964 1016 3053 ἢ
1038 2965 1174 3051 Ἔποψ.
1216 2964 1262 3038 ‘0
1284 2973 1397 3056 Σοφο-

252 3060 335 3142 κλῆς
357 3061 492 3145 πρῶτον
519 3065 580 3131 τὸν
613 3070 724 3154 Τηρέα
754 3070 929 3153 ἐποίησιν,
961 3070 1033 3136 εἶτα
1066 3071 1240 3158 Φιλοκλῆς.
1289 3071 1396 3149 Quan-

253 3181 347 3242 quam
370 3163 468 3243 igitur
492 3169 666 3252 tragoedias
695 3173 792 3233 semel
818 3169 858 3232 ad
881 3172 1063 3250 tetralogiae
1089 3173 1221 3236 sormam
1249 3174 1396 3238 avunculi

251 3281 340 3325 more
358 3266 497 3348 redegit,
524 3284 627 3334 tamen
648 3294 725 3333 num
748 3285 866 3336 ceteras
892 3294 1022 3358 quoque
1053 3277 1172 3341 fabulae
1203 3280 1395 3359 exhibuerit,

253 3363 363 3426 eodem
383 3370 460 3429 artis
482 3372 606 3435 vinculo
629 3378 816 3454 conjunctas,
837 3397 905 3439 cum
925 3398 1038 3458 perse
1060 3379 1101 3443 sit
1124 3379 1214 3443 valde
1231 3382 1396 3462 incertum,

252 3477 320 3526 tum
346 3485 381 3526 ea
403 3467 441 3528 de
463 3491 567 3536 causes
588 3475 745 3556 ambigere
767 3479 857 3557 licet,
891 3481 976 3564 quod
999 3483 1130 3563 vestigia
1152 3487 1299 3569 Aeschyli
1320 3489 1398 3549 reli·

251 3566 337 3644 giose
365 3566 398 3626 in
430 3583 497 3632 arte
529 3577 656 3642 omnino
685 3598 748 3642 non
780 3582 904 3662 pressit.
958 3584 1039 3646 Nam
1071 3597 1103 3646 et
1131 3599 1313 3670 argumenta
1334 3589 1396 3650 sibi

253 3669 411 3740 lraclanda
430 3679 573 3757 sumpsit,
595 3703 675 3763 quae
697 3683 866 3765 Sophocles
888 3685 1007 3754 dudum
1029 3702 1243 3767 exornaverat,
1265 3701 1296 3751 et
1317 3711 1395 3752 cun·

252 3766 336 3832 dem‘
344 3775 517 3861 principem
540 3783 573 3844 in
594 3785 797 3851 Pandionidis
825 3791 1050 3871 compositione
1079 3790 1217 3856 imitatus
1248 3805 1305 3856 est.
1349 3793 1395 3857 Ut

251 3868 421 3952 Sophocles
439 3881 622 3966 Erigonam,
648 3889 837 3971 Nauplium,
860 3889 1034 3974 Oedipum,
1054 3894 1275 3972 Philoctetam,
1304 3896 1395 3957 Pria-

249 3993 397 4058 mumque
419 3982 595 4064 scripserat.
639 3991 679 4052 Et
692 3992 865 4054 Scholiasta
882 4013 990 4055 versus
1007 3994 1133 4071 comici,
1155 3997 1269 4078 qtribus
1285 4017 1394 4079 upupa

250 4070 324 4138 dicit
346 4077 384 4142 de
405 4083 525 4166 origine
547 4090 627 4152 alius
648 4113 773 4174 upupae
795 4093 827 4153 in
850 4096 908 4157 Ar.
933 4097 1013 4158 281:

462 4180 533 4253 ἀλλ’
557 4178 660 4265 οὗτος
679 4197 747 4275 μὲν
768 4199 838 4260 ἔστι
863 4195 1058 4272 Φιλοκλέους

372 4288 406 4392 (ἐξ
428 4289 578 4400 ἔποπος,
597 4285 658 4372 s’yei
679 4292 715 4362 δὲ
736 4293 860 4364 τούτου
884 4291 1046 4388 πάππος,
1067 4297 1177 4390 ὥσπερ
1201 4307 1231 4371 ιλ
1252 4303 1362 4388 λέγοις

383 4382 571 4464 Ιππονικος
594 4389 748 4460 Καλλίου
769 4391 829 4472 κιίξ
849 4391 1053 4468 Ἰππονίκου
1076 4402 1240 4484 Καλλίας,
