3060 5000
118 513 205 576 sius
225 531 261 592 p.
275 511 334 589 55,
354 508 748 573 Fabriciusflihlinth
769 508 825 572 Gr.
845 507 883 573 Τ.
901 509 996 589 lhp.
1014 512 1095 586 312,
1115 510 1259 572 Hiero·

118 635 261 699 nymus
281 605 494 677 Miill'erus
515 611 629 676 Medea
651 613 759 675 Germa
786 613 875 680 vers.¹
896 632 929 694 p.
954 611 1037 675 13⁰c'
1055 610 1190 689 ¹Quibus
1211 614 1260 676 ni·

117 721 218 783 nciam
234 715 461 782 fitemesuitss
483 716 574 794 lecit,
597 715 738 795 tametsi,
763 715 868 780 serbis
890 719 955 792 cim
975 717 1147 780 accuratius
1167 718 1260 782 intel·

116 823 219 900 lectis,
240 820 367 887 ridetur
387 821 559 902 pugnantia
571 821 731 882 retulimus
776 817 854 898 oni,
869 814 1039 904 Nsdpposr
1060 815 1084 904 ἢ
1102 821 1261 904 Νεοφῶν,

118 925 242 1009 inquit,
274 921 457 996 Σικυώνιος
476 915 651 1008 τραγικὰς,
679 911 850 1009 cri-'posse
871 921 961 990 εἶναι
977 918 1045 1007 esic
1065 920 1262 1010 Εὐριπίδου

119 1024 292 1111 Μήδειαν,
314 1020 353 1098 ic
373 1026 506 1108 uouisse
525 1019 682 1111 εἰσήγαγε
702 1018 940 1110 ucsdcyuyoric
960 1025 1015 1091 act
1035 1026 1173 1095 cistercio
1192 1024 1262 1110 ,ht-

117 1151 238 1197 σανον.
264 1129 371 1189 'Haec
392 1139 497 1190 autem
517 1129 650 1209 propter
671 1131 814 1208 magnam
834 1127 1079 1207 accurationem,
1107 1149 1170 1210 qua
1190 1129 1262 1192 Sui·

117 1230 194 1310 das,
214 1231 267 1296 uel
287 1242 417 1310 auctor,
437 1251 532 1315 quem
553 1231 712 1315 sequitur,
741 1229 908 1311 diligenter
927 1250 980 1294 ees
1002 1231 1139 1312 singulae
1161 1233 1262 1312 effert,

118 1355 191 1398 cum
217 1355 258 1398 ex
288 1333 417 1415 optimis
444 1332 585 1396 lontibus
606 1331 724 1410 ducta,
752 1344 819 1396 tum
844 1334 890 1397 ita
910 1335 1036 1416 copiose
1058 1338 1156 1403 relata
1178 1348 1262 1416 sunt,

118 1451 184 1515 ut,¹
201 1438 230 1502 si
249 1438 320 1500 aliis
340 1438 443 1520 iisque
463 1434 566 1498 dubiis
586 1435 1065 1515 mationibusadverssutur,
1095 1441 1262 1502 hae-certe

118 1540 216 1618 rejici,
230 1540 292 1602 illa
312 1547 391 1604 'vcro
409 1541 511 1602 multo
527 1538 723 1620 maiorsfida
741 1539 836 1622 digus
853 1539 997 1606 debeant.
1009 1544 1138 1606 censeri.
1180 1541 1262 1607 Nam
1314 1535 1317 1542 ’

119 1655 151 1704 et
171 1641 329 1723 duplicem
350 1645 487 1710 nominis
506 1645 657 1723 formam,
687 1643 736 1706 de¹
759 1665 833 1727 qua·
850 1645 1043 1726 ambigerent
1070 1648 1262 1725 grammatici

119 1759 151 1810 et
172 1767 339 1810 numerum
361 1747 548 1827 fabularum,
576 1759 608 1809 ct
629 1759 712 1810 artes
734 1757 966 1825 commemorat,
986 1749 1102 1832 quibus
1122 1763 1184 1812 tam
1206 1772 1262 1832 aps
1381 1743 1384 1748 ’

117 1863 263 1933 paratum
290 1873 415 1932 seeum,
449 1872 544 1935 quam
573 1850 831 1932 compositionem
858 1849 1090 1931 tragoediarum
1119 1853 1263 1916 mutarit.

120 1953 207 2031 Quae
230 1954 357 2039 quidem
376 1955 484 2017 omnia
506 1955 614 2032 nobis,
634 1953 759 2016 tamstsi
781 1971 923 2033 magnam
944 1953 1063 2016 indunt
1082 1953 1191 2031 fidem,
1204 1955 1263 2016 :tu-

119 2057 233 2139 primis
253 2070 358 2120 tamen
378 2078 444 2121 non
464 2059 540 2120 licet
558 2059 591 2122 in
612 2055 828 2140 suspicionem
838 2057 918 2120 illud
939 2076 1061 2136 vocare,
1082 2057 1168 2141 quod
1183 2077 1264 2139 pas-

121 2161 249 2242 drgogis
271 2161 374 2222 fertur
394 2163 555 2246 terciaque
576 2161 724 2224 fidelihus
750 2173 849 2224 certas
876 2161 911 2222 in
938 2161 1053 2224 fabulis
1081 2161 1187 2243 partes
1208 2161 1264 2224 de·

121 2263 214 2328 disse.
249 2263 389 2328 :Siluiles
409 2266 493 2338 enirn
513 2265 553 2328 de
577 2261 706 2330 scenicis
728 2265 864 2329 inventis
888 2264 1264 2344 narrationesnabemus,

120 2389 221 2452 quae,
241 2367 312 2430 cum
333 2367 374 2430 ad
395 2370 525 2430 scenam'
537 2369 733 2450 pertinerent
751 2368 888 2452 ideoque
909 2391 934 2432 a¹
949 2367 1075 2430 Graecis
1098 2369 1265 2431 bene-,me-

120 2471 223 2534 moria
242 2483 445 2551 tenerentur,
467 2493 508 2536 ex
530 2473 658 2553 optimis
677 2467 789 2552 lihris'g
806 2483 843 2533 ut
861 2471 981 2536 scenica
1001 2473 1100 2534 Juhae
1120 2471 1263 2549 historia,

120 2574 160 2638 ad
182 2594 246 2638 nos·
259 2586 487 2656 pervenerunt.
535 2575 663 2639 Primus*
684 2577 767 2636 enlm
795 2569 827 2636 et
857 2573 1023 2636 Choerilus
1050 2573 1154 2660 (uuida
1172 2594 1197 2637 s.
1212 2573 1264 2660 u.)

119 2677 444 2760 psrsonasiuuenisee
467 2690 499 2740 ct
518 2678 715 2761 Phrynichus
735 2675 890 2740 actionem
907 2677 1074 2745 mulierum
1092 2676 1264 2742 instituisse

120 2794 153 2845 et
174 2783 346 2863 Aeschylus
368 2779 480 2859 binos,
504 2779 676 2861 Sophocles
696 2783 805 2841 tachos
820 2792 946 2848 ,actores
966 2779 1145 2844 adhibuisse
1167 2779 1266 2844 nadi-

119 2897 184 2947 tur.
226 2885 362 2964 Diogen.
389 2884 428 2946 L.
450 2884 503 2961 ΙΙΙ,
523 2887 590 2949 43.·
615 2885 689 2946 ·At-
707 2901 785 2946 uero
805 2883 841 2944 si
871 2881 1067 2962 paedagogos
1083 2901 1265 2968 ⁴serrasque

119 2986 230 3050 fideles
247 2984 383 3066 induxit,
405 2988 444 3047 ab
465 2984 647 3048 Alexandro
668 2985 949 3054 cumssssallisthsns
971 3005 1034 3049 non
1058 2997 1105 3047 est
1127 2997 1265 3050 necatus.

8 3159 9 3172 ,
119 3092 202 3155 Nam
223 3113 294 3154 essm
314 3093 375 3152 hoc
395 3091 441 3160 ita
460 3087 715 3179 uslisgaceipecs,
737 3100 773 3150 ut
792 3087 825 3150 id
848 3083 944 3170 mnus
964 3105 1170 3171 personarum
1190 3099 1265 3158 ante

8 3225 9 3268 t
119 3197 343 3278 Neophrchem
365 3211 489 3258 censeas
511 3189 844 3276 proisdainu'sitaturn
858 3191 969 3271 dulces,
991 3193 1076 3255 huuc
1096 3191 1192 3253 aetati
1207 3190 1265 3254 So·

120 3299 243 3382 phoclis
266 3298 539 3380 anteponendum,
568 3293 753 3380 sut'psrem
774 3315 840 3376 csse
853 3294 1015 3363 :concedis
1064 3291 1264 3374 Pacdsgcgns

121 3403 207 3465 euim
235 3403 269 3465 in
297 3403 424 3465 Electra
447 3403 542 3483 hujus
570 3400 724 3484 principis
745 3411 942 3482 conspectos
962 3399 1068 3462 hahet.
1103 3397 1168 3468 ‚Sin
1187 3400 1265 3462 haec

120 3504 178 3567 tali
200 3503 443 3568 modonarrata
463 3517 566 3587 putas,
590 3501 677 3588 quod
695 3503 847 3587 Neophru
869 3501 1265 3586 hujuscemodivpersouas,

119 3613 306 3692 quanquam
321 3629 386 3672 non
407 3609 539 3691 primus,
559 3609 756 3692 frequentius
777 3621 885 3672 tamen
903 3607 1042 3678 instituit
1056 3626 1150 3692 quam
1168 3607 1265 3670 ceteri

119 3719 252 3793 potitae,
274 3713 433 3795 sequitur,
456 3733 527 3774 eum
548 3714 600 3777 rel
622 3715 785 3796 aequalem
805 3711 982 3795 Euripidis,
1008 3714 1061 3777 vel
1082 3705 1190 3793 paullo
1210 3731 1265 3781 ve·¹

118 3813 288 3877 tustiorsm
313 3813 351 3880 ec
378 3815 483 3878 luisse.
534 3816 566 3878 Is
596 3816 680 3878 enim
711 3818 746 3878 in
776 3817 924 3895 Hecuba,
955 3813 1132 3878 Heraclidis
1140 3820 1156 3890 ,'
1179 3814 1263 3891 lone,

118 3916 282 3998 iphigenia
300 3917 465 3982 Aulidensi
481 3917 625 3999 singulos
647 3939 754 3984 servos
774 3920 849 3982 iecit
869 3931 1009 3999 agentes,
1029 3917 1064 3978 in
1084 3911 1263 3980 Phoenissis

117 4019 344 4104 paedagogum,
363 4024 397 4084 in
414 4024 591 4107 Hippolyto
607 4042 742 4103 susum,
755 4017 919 4090 nutricem
931 4037 1136 4102 servamque,
1147 4018 1179 4080 in
1196 4020 1261 4080 An·

118 4123 287 4188 dromacha
316 4123 393 4189 duas
422 4145 527 4190 servas
556 4145 712 4211 unamque
732 4127 895 4189 nutricem
925 4123 1060 4187 induxit.
1110 4119 1262 4198 Quocirca

118 4247 201 4310 quas
223 4226 262 4290 ds
282 4227 484 4310 Neophrcnis
510 4239 589 4290 arte·
608 4229 770 4308 feruntur,
802 4226 1077 4311 probantesillam
1100 4223 1263 4288 democle

119 4331 388 4394 amanuncutsm
403 4331 620 4412 ratramnus,
642 4333 763 4399 etiamsi
777 4323 1006 4426 'Eluaslsjus'
1022 4329 1062 4394 ad
1080 4329 1155 4396 Eur.
1172 4328 1259 4398 Med

118 4451 152 4512 p.
170 4436 214 4498 68
244 4453 310 4499 aon
339 4434 459 4511 dudum
488 4455 626 4502 csusmm
649 4433 767 4502 erroris
789 4433 974 4500 mutuasse
1007 4433 1089 4501 Nam
1110 4436 1171 4502 ulio
1192 4437 1262 4500 loco
