3076 4998
785 316 863 392 156

249 511 374 572 theatro
401 509 505 571 Peliae
539 504 645 569 doceri
674 516 829 587 poterant.
884 499 947 566 Sed
972 500 1127 586 quidquid
1154 501 1187 566 in
1212 503 1398 568 Macedonia

250 612 392 695 scripsit,
422 612 561 672 Athenas
588 629 652 672 non
681 629 746 670 esse
775 607 950 690 perlatum,
981 627 1021 668 ex
1048 607 1106 688 iis,
1136 628 1217 692 quae
1239 609 1399 693 Dionysus

250 717 380 782 Herculi
401 714 586 796 respondet,
609 716 682 777 satis
704 711 911 793 cognoscitur.
1340 717 1347 726 ·

337 821 419 883 Hine
439 819 575 897 singulas
596 816 767 897 Agathonis
787 812 962 894 tragoedias
989 810 1135 895 deinceps
1160 814 1400 876 nominabimus.

253 924 393 986 Primum
422 922 520 1002 igitur
540 921 726 984 Aristoteles
746 921 834 983 Poe't.
858 920 897 980 15
924 917 1126 979 Achillem
1155 937 1400 980 commemorare

253 1025 396 1092 videtur:
419 1021 508 1092 οὕτω
529 1026 582 1093 καί
602 1019 662 1092 τδν
685 1017 832 1109 ποιητὴν
853 1016 1076 1106 μιμούμενον
1097 1021 1153 1087 καί
1172 1015 1325 1108 ὀργίλους
1344 1020 1400 1087 καί

253 1130 434 1218 ῥᾳθύμους
462 1129 518 1194 καί
547 1119 655 1196 τᾶλλα
688 1124 730 1194 τά
764 1126 907 1193 τοιαῦτα
938 1127 1077 1212 έχοντας
1103 1124 1159 1191 ἐπί
1192 1125 1261 1191 τῶν
1290 1121 1401 1208 η’θαῑν,

252 1228 432 1303 ἐπιεικείας
453 1241 563 1297 ποιεῖν
583 1222 800 1316 παράδειγμα
821 1221 844 1311 ἢ
866 1223 1086 1312 σκληρότητος
1108 1223 1168 1302 δεῖ,
1189 1222 1264 1294 οἷον
1284 1223 1401 1313 Ἀχιλ-

253 1332 312 1398 λέα
333 1325 494 1418 Ἀγάθων
516 1335 570 1402 καί
588 1329 757 1419 Ὅμηρος.
799 1333 985 1412 Aeropam
1007 1327 1142 1411 scripsit,
1163 1331 1249 1405 cujus
1268 1331 1402 1392 mantio·

255 1455 326 1496 nem
342 1435 445 1518 Etym.
460 1435 566 1517 Magn.
579 1457 604 1499 s.
616 1457 646 1500 v.
668 1437 808 1522 είοῇμεν
830 1434 884 1501 καί
909 1434 1048 1517 εἰσῇσαν
1069 1423 1147 1498 άντί
1168 1429 1402 1518 autisioderensi

256 1530 322 1604 σύν
336 1538 381 1624 τῷ
401 1563 428 1604 s·
469 1531 634 1624 Ἀγάθων
654 1531 807 1627 Ἀερόπη
828 1536 1031 1600 servavit-
1051 1535 1313 1597 Alcmaeonem
1335 1538 1402 1610 ejus

255 1640 474 1720 grammaticus
495 1662 546 1723 ap.
565 1643 795 1705 Belskerum
816 1641 850 1702 in
871 1638 989 1703 Anecd.
1010 1638 1120 1700 Graec.
1142 1639 1216 1702 Vol.
1227 1639 1251 1700 1.
1270 1660 1304 1719 p.
1318 1639 1401 1701 35³:

254 1740 450 1829 Ἀθέμιοτα
479 1746 535 1812 καί
567 1738 687 1812 dedero
717 1742 801 1831 δρᾷν
832 1744 1013 1832 Δείναρχος
1040 1743 1115 1810 εἶπε
1141 1740 1195 1807 καί
1218 1741 1404 1826 Σοφοκλῆς.

255 1847 312 1913 καί
349 1839 611 1932 ἀθεμιστότεροι
645 1841 807 1930 Ξενοφῶν
842 1848 895 1916 καί
929 1845 1115 1929 ἀθέμιστοι
1147 1844 1274 1928 μούσοι
1307 1842 1404 1908 εἶπεν

254 1940 420 2035 Ἀγάθων
441 1953 477 2018 ἐν
502 1939 713 2031 Ἀλκμαίωνι
740 1949 823 2026 chat.
867 1952 967 2012 Porro
990 1949 1127 2010 fabulam
1149 1946 1241 2024 fecit,
1265 1942 1403 2017 'Ardor

257 2051 466 2129 nominatam,
492 2050 532 2114 de
555 2072 617 2136 qua
639 2051 826 2114 Aristoteles
846 2054 935 2114 Post.
956 2054 994 2114 9:
1024 2044 1066 2118 ού
1086 2045 1158 2136 μην
1181 2043 1268 2118 α’λλά
1288 2049 1343 2116 καί
1367 2052 1404 2114 έν

257 2165 330 2227 ταῖς
357 2152 557 2248 τραγῳδίαις
586 2153 692 2228 ἐνίαις
720 2157 788 2240 μὲν
813 2151 854 2223 έν
881 2150 904 2239 ἢ
932 2151 996 2222 δύο
1023 2156 1091 2220 τάν
1114 2153 1291 2241 γνωρίμων
1313 2151 1404 2218 ἐστίν

257 2247 447 2339 ὀνομάτων,
468 2253 510 2324 τά
533 2254 569 2323 δὲ
591 2251 677 2324 ἄλλα
700 2257 930 2343 πεποιημένα,
950 2261 987 2326 έν
1007 2258 1114 2331 ἐνίαις
1136 2255 1171 2323 δέ
1194 2251 1307 2334 otidis,
1329 2251 1404 2322 οἷον

257 2361 295 2425 έν
315 2358 362 2442 τῷ
383 2350 586 2443 Ἀγάθωνος
604 2355 750 2428 'Ardet'
775 2356 901 2446 ὁμοίως
920 2359 986 2447 γάρ
1007 2365 1045 2429 έν
1061 2356 1171 2445 τούτῳ
1193 2355 1236 2426 τά
1258 2383 1295 2425 τε
1315 2352 1403 2443 πρά·

257 2483 375 2544 γματα
397 2462 450 2527 καί
474 2453 516 2526 τά
543 2457 697 2546 ὀνόματα
721 2462 906 2550 πεποίηται
930 2463 986 2530 καί
1008 2453 1109 2530 ούδλν
1130 2449 1237 2543 ἦττον
1260 2460 1403 2546 εὐφραί-

258 2583 320 2629 νει.
363 2564 472 2644 Itaque
503 2581 565 2626 non
594 2563 689 2626 modo
717 2576 935 2644 argumentum
964 2569 1048 2642 eius,
1078 2562 1133 2626 ssd
1158 2564 1252 2627 etiam
1278 2565 1405 2627 nomina

258 2683 466 2745 personarum
492 2663 532 2726 ad
558 2686 649 2730 suum
670 2669 836 2731 arbitrium
857 2667 961 2732 finxit.
1011 2665 1116 2742 Quare
1144 2670 1212 2751 ipse
1241 2680 1404 2731 contextus

260 2767 389 2831 lectioni
407 2767 521 2832 codicis
537 2769 681 2850 Lugdun.
696 2772 734 2850 Δ,
755 2772 941 2852 refragatur,
963 2772 996 2833 in
1016 2789 1080 2853 quo
1092 2766 1219 2837 'Asdss
1240 2790 1298 2851 pro
1313 2767 1405 2836 ”Av-

261 2878 320 2938 δει
340 2872 527 2936 invenimus.
569 2876 668 2958 Atqui
688 2875 895 2957 philosophus
918 2875 1161 2958 haudquaquam
1183 2894 1297 2938 nomen
1317 2874 1406 2936 inve-

260 2975 340 3055 niri,
368 2975 423 3040 sed
445 2979 599 3042 cumillis
621 2981 729 3059 rebus,
759 3001 838 3063 quas
859 2981 982 3059 Agatho
1004 2982 1061 3042 hac
1086 2977 1245 3058 tragoedia
1269 2977 1407 3059 explice-

260 3081 319 3159 rit,
339 3082 372 3145 in
393 3082 507 3144 tabulis
529 3095 621 3162 negat
643 3088 840 3162 conjunctum
864 3105 940 3146 esse.
981 3084 1062 3146 Nam
1078 3085 1220 3146 Antrum
1240 3079 1406 3165 quendam,

261 3186 400 3249 Autonoi
421 3198 452 3250 et
472 3185 701 3268 Hippodamiae
718 3187 829 3265 filium,
852 3187 1002 3250 Antonin.
1022 3189 1157 3250 Iibersi.
1179 3189 1199 3249 7
1221 3205 1407 3248 commemo-

260 3301 311 3350 rat
328 3287 364 3374 1).
406 3291 496 3352 Alius
517 3289 695 3370 tragoedias
716 3292 908 3352 mentionem
929 3290 1114 3353 Aristoteles
1135 3290 1170 3352 in
1190 3290 1278 3352 Post.
1296 3293 1336 3352 ts
1356 3309 1407 3350 rc-

260 3391 366 3473 liquit.
413 3392 506 3471 Nam,
526 3387 589 3479 χρη
612 3393 660 3471 δέ,
681 3393 795 3476 inquit,
815 3391 900 3477 ὅπερ
921 3396 1052 3480 εἴρηται
1074 3388 1249 3470 πολλάκις,
1270 3395 1408 3476 μεμνῆ-

261 3499 347 3560 σθαι
367 3493 423 3560 καί
445 3487 495 3578 μὴ
518 3507 628 3563 ποιεῖν
647 3488 847 3564 έποποιικδν
870 3490 1023 3581 σύστημα
1046 3494 1243 3583 τραγῳδίαν.
1264 3500 1408 3562 ἐποποι-

262 3592 336 3660 ἰκδν
364 3591 506 3680 δὲλέγω
534 3591 573 3663 τὸ
602 3594 834 3682 πολύμυθον,
865 3595 940 3666 οἷον
963 3601 996 3666 εἴ
1020 3622 1073 3672 τις
1101 3593 1162 3664 τὸν
1182 3597 1243 3682 τη”ς
1262 3588 1410 3676 Ἰλιάδος

261 3687 343 3759 ὅλον
364 3709 459 3763 ποιοῖ
477 3699 608 3782 μύθου.
630 3704 695 3767 ἐκεῖ
721 3704 789 3784 μὲν
807 3699 874 3786 γάρ
901 3700 956 3767 διδ
978 3695 1017 3768 τδ
1039 3702 1148 3785 μῆκος
1169 3697 1344 3784 λαμβάνει
1365 3698 1409 3770 τά

262 3795 350 3881 μέρη
370 3794 409 3866 τδ
436 3801 569 3883 πρέπον
596 3801 767 3887 μέγεθος,
795 3809 832 3872 έν
859 3804 895 3871 δέ
923 3815 992 3879 τοῖς
1019 3799 1168 3891 δράμασι
1196 3801 1286 3870 πολύ
1314 3799 1409 3888 παρά

262 3890 326 3981 την
355 3893 534 3988 ύπόληψιν
564 3895 763 3990 ἀποβαίνει.
799 3920 938 3991 σημεῖον
967 3905 1022 3986 δέ,
1052 3903 1125 3974 ὅσοι
1153 3906 1274 3990 πέρσεν
1303 3902 1410 3976 Ἰλίου

267 4057 550 4078 Ἥ

264 4160 391 4231 protulit,
411 4173 455 4230 ut,
478 4182 540 4220 cum
559 4186 574 4220 a
593 4168 673 4222 reteri
692 4186 806 4240 persona
825 4167 994 4236 dicerentur,
1020 4179 1109 4223 tamen
1128 4169 1156 4224 in
1176 4169 1263 4224 vivum
1282 4187 1410 4240 praesen·

264 4257 373 4321 temque
391 4271 482 4323 regem
501 4256 683 4311 convenirent.
719 4255 854 4313 Plutarch.
872 4257 905 4311 de
924 4279 946 4312 ει
963 4257 1061 4330 Deiph.
1079 4262 1103 4312 t.

337 4338 368 4405 1)
385 4339 468 4406 Quod
487 4355 581 4397 contra
600 4343 793 4416 Gruppium
812 4365 963 4416 monemus,
983 4348 1029 4421 qui
1050 4346 1159 4402 Ariadn.
1178 4365 1203 4417 p.
1218 4348 1270 4400 747
1289 4343 1411 4398 saboiam

267 4433 357 4478 crunt
374 4443 430 4480 uon
448 4428 482 4482 ab
501 4427 624 4502 bomine,
644 4434 692 4490 scd
708 4453 723 4490 a
741 4453 771 4488 re
790 4433 957 4492 nominatam
974 4455 1038 4491 csse.
