3076 4998
790 317 864 394 154

257 503 382 568 lamosis
403 503 533 583 Suidas,
554 501 699 585 Append.
720 504 814 568 Prot.
837 502 1145 583 Barlaamus:
1169 503 1403 590 Σαρδαναπά-

257 609 318 674 λου
342 603 583 693 νρνφηλόααροα
603 648 613 668 ·
635 651 644 670 .
667 651 675 668 .
699 651 709 669 .
732 603 1005 691 Σαρδανάπαλος
1028 607 1075 686 δὲ,
1093 602 1281 692 Ἀσσυρίων
1302 613 1405 694 βασι-

258 703 352 787 Iuic,
382 707 419 784 dc
445 704 498 790 ἔνι’
512 704 674 795 α’ναλασία
703 710 757 777 καί
779 711 890 798 τρνφῇ
912 710 1068 776 κατέλυσε
1090 703 1154 790 τήν
1175 709 1269 779 ἰδίαν
1290 705 1404 802 ἀρχὴν.

256 813 367 893 Apost.
385 815 488 893 XVII,
509 817 566 894 263
589 813 692 878 Schol.
714 814 754 877 ad
776 814 937 894 Aristoph.
959 814 1019 876 Av.
1037 815 1138 892 10213
1160 813 1343 876 Lentsuh.
1364 813 1405 878 ad

257 915 403 997 Append.
417 918 440 978 1.
454 918 494 997 l.;
515 918 635 981 Naelr.
658 917 796 982 Choeril.
816 941 849 1000 p.
863 920 945 997 2403
965 915 1265 980 Schneidewin.
1281 917 1404 998 Fragm.

186 1001 191 1012 ¹
257 1021 346 1083 Poe't.
372 1020 428 1084 Gr.
456 1041 473 1082 e
495 1022 572 1104 Pap.
593 1022 691 1086 Paris.
717 1044 750 1103 p.
771 1025 823 1085 13.
867 1020 1069 1103 Quapropter
1088 1021 1173 1082 huuc
1194 1031 1227 1081 et
1248 1020 1350 1102 epulis
1372 1033 1405 1082 et

258 1123 369 1186 ceteris
392 1125 607 1207 voluptatibus
631 1125 814 1204 indulsisse,
835 1125 1039 1206 auspicamur.

345 1226 424 1290 Cum
453 1228 517 1292 illis
545 1231 664 1294 artibus
692 1251 728 1293 ac
753 1228 864 1300 studiis
882 1229 1022 1290 imbutus
1044 1238 1140 1306 esset,
1167 1227 1202 1288 in
1224 1227 1338 1310 quihus
1356 1227 1406 1290 in·

257 1329 351 1409 genui
372 1331 609 1397 Atheniensium
629 1337 758 1406 iuvenes
783 1334 840 1397 illo
863 1345 1005 1415 tempore
1026 1330 1147 1395 temam
1168 1344 1405 1409 consueverant,

258 1453 389 1516 cumque
424 1437 599 1517 paullulum
636 1436 840 1514 adolevisset,
880 1448 917 1498 ut
946 1447 1058 1498 aeterra
1087 1432 1126 1496 ad
1164 1437 1405 1498 ostentationem

256 1557 431 1618 propensus
455 1541 847 1626 externique'splendoris
876 1540 1007 1623 cupidus
1037 1552 1121 1616 erat,
1151 1539 1185 1600 in
1208 1540 1327 1602 scholas
1354 1557 1406 1600 so·

257 1639 431 1719 phistarum
452 1645 614 1725 pervenit,
639 1645 695 1729 qui
716 1645 833 1728 partim
854 1643 992 1706 mirabili
1012 1640 1173 1705 doctrinae
1193 1663 1229 1702 ac
1249 1642 1330 1704 uitae
1351 1661 1406 1704 or·

257 1757 333 1807 natu
362 1747 480 1814 animos
501 1749 661 1813 hominum
684 1749 850 1832 pellicere,
881 1746 998 1829 partim
1026 1745 1175 1808 liberiora
1202 1744 1285 1808 ritae
1313 1767 1407 1827 prae·

258 1859 347 1930 cepta
362 1849 530 1933 tradentes,
553 1854 736 1918 effeminatis
757 1853 898 1917 moribus
919 1851 1104 1933 ampliorem
1121 1852 1225 1914 locum
1245 1848 1320 1912 dare
1338 1869 1407 1913 coe-

192 1990 195 1996 ·
258 1965 381 2030 perant.
424 1955 534 2040 Itaque
555 1957 720 2022 Pr0dicu'm
743 1959 839 2021 Ceum
861 1956 971 2033 audiit,
992 1955 1095 2020 virum
1117 1973 1181 2017 non
1202 1974 1266 2016 uno
1281 1952 1407 2016 nomine

258 2051 436 2134 laudatum,
470 2060 526 2141 qui
552 2081 644 2143 saepe
672 2064 811 2124 Athenas
838 2060 996 2142 pervenit.
1044 2059 1124 2120 Plat.
1145 2059 1232 2120 Men.
1253 2079 1287 2138 p.
1307 2060 1347 2120 ot
1369 2055 1406 2118 Ε.

257 2156 423 2238 Protagor.
443 2182 476 2242 p.
495 2165 570 2225 311.
617 2165 658 2226 Et
678 2163 809 2244 Gorgias
831 2163 1022 2240 Leontinus,
1048 2162 1186 2224 Athenas
1214 2160 1341 2236 missus,
1371 2171 1407 2220 ut

258 2260 435 2326 societatem
460 2263 698 2329 Atheniensium
720 2287 789 2329 cum
811 2265 974 2328 Leontinis
995 2269 1154 2345 iungeret,
1184 2263 1318 2327 Diodor.
1339 2265 1408 2341 XII,

261 2363 318 2440 52,
345 2386 415 2428 oum
439 2369 547 2430 oculos
567 2369 706 2431 omnium
731 2369 764 2430 in
784 2389 817 2431 se
839 2366 1045 2432 convertisset
1067 2365 1163 2448 idque
1185 2366 1351 2444 effecisset,
1372 2373 1408 2428 ut

259 2461 342 2542 diss,
363 2489 422 2549 per
444 2490 522 2553 quos
543 2469 675 2533 Athenis
697 2483 904 2538 commoratus
925 2481 988 2546 est,
1014 2469 1103 2552 quasi
1125 2467 1255 2533 deorum
1278 2470 1407 2531 immor·

258 2565 367 2629 talium
390 2568 485 2632 festos
506 2582 600 2652 atque
621 2572 777 2634 sollennes
800 2573 1011 2649 celebrarent,
1039 2571 1124 2634 inter
1144 2573 1261 2635 multos
1285 2569 1408 2634 audito-

258 2687 325 2745 res,
348 2691 482 2754 quorum
503 2673 635 2754 stipatus
657 2687 725 2737 erat
746 2695 877 2752 corona,
906 2674 1016 2736 habuit
1038 2675 1242 2754 Agathoncm.
1284 2681 1312 2738 A
1334 2677 1405 2759 qui-

259 2769 318 2834 bus
339 2796 432 2857 quam
454 2779 552 2840 multa
573 2781 752 2860 sumpserit,
774 2778 836 2842 dici
856 2799 921 2841 non
942 2791 1057 2860 potest.
1100 2778 1177 2842 Inde
1198 2780 1278 2843 enim
1299 2780 1406 2860 splen·

261 2870 369 2938 dorem
391 2879 562 2962 sapientiae
580 2880 736 2962 duxerim,
760 2903 852 2967 quem
872 2882 1015 2947 Socrates
1037 2881 1138 2946 Cont.
1159 2905 1192 2964 p.
1214 2886 1275 2947 175
1295 2884 1406 2964 tangit,

260 2978 287 3042 si
315 2983 410 3048 modo
437 2986 590 3067 sapientia
616 3010 675 3070 per
705 2991 830 3052 laneum
853 2987 941 3064 filum
962 2987 1062 3069 possit
1089 3007 1128 3048 ex
1157 2986 1220 3049 alio
1248 2986 1282 3048 in
1310 2987 1406 3049 alium

258 3084 389 3165 traduci,
411 3087 444 3150 iu
465 3092 639 3170 Agathone,
659 3097 744 3171 cujus
766 3091 919 3173 sapientia
941 3102 974 3152 et
995 3088 1159 3171 splendida
1180 3091 1222 3154 sit
1243 3103 1275 3152 et
1295 3111 1406 3170 magna

258 3184 449 3254 Incrementa
471 3194 590 3276 capiat,
620 3196 676 3257 tali
697 3196 791 3260 modo
812 3217 845 3259 se
866 3193 985 3277 aliquid
1008 3206 1214 3275 experturum
1236 3213 1302 3256 esse
1325 3213 1406 3256 asse-

259 3307 381 3354 verans.
421 3295 495 3356 Pari
513 3295 607 3358 modo
622 3297 702 3360 sicut
718 3297 851 3377 Gorgias
865 3297 963 3358 nimio
980 3296 1108 3360 vestitui
1125 3295 1265 3374 indulsit,
1285 3296 1407 3358 Aelian.

260 3388 522 3473 var.·Hist.x11‚
539 3401 597 3477 323
619 3399 698 3460 Plet.
715 3400 790 3475 Mai.
805 3421 838 3480 p.
853 3401 928 3460 282.
970 3398 1051 3460 Ptin.
1069 3397 1142 3460 Nat.
1159 3399 1239 3461 Hist.
1253 3399 1407 3475 XXXIV,

260 3493 291 3566 4,
314 3491 357 3554 sic
378 3494 500 3573 Agatho
523 3519 649 3583 quoque
671 3501 922 3584 exquIsitissimie
943 3501 1043 3566 modis
1065 3523 1179 3584 corpus
1200 3523 1314 3567 ornare
1335 3521 1408 3562 con·

261 3608 414 3657 sueverat.
457 3599 646 3683 Thesmoph.
671 3607 748 3682 1303
777 3605 866 3666 Plato
889 3604 990 3670 Cont-
1009 3627 1043 3686 p.
1065 3608 1127 3668 174
1147 3607 1184 3668 A.

346 3699 461 3781 Prima,
484 3726 575 3787 quam
597 3706 694 3786 dedit,
715 3709 821 3772 fabula
842 3710 1003 3772 victoriam
1024 3710 1217 3791 reportavit3
1239 3731 1312 3772 nam
1334 3729 1408 3772 con·

260 3795 379 3866 virium
402 3826 419 3865 a
444 3808 573 3871 Platone
597 3808 787 3892 descriptum
812 3811 965 3887 instituit,
999 3807 1056 3878 dos
1078 3813 1120 3899 τῇ
1143 3807 1259 3900 πρώτῃ
1279 3835 1408 3898 τραγῳ-

261 3896 315 3984 δίᾳ
344 3905 500 3990 ἐνίκησεν.
522 3904 705 3998 Ἀγάθων,
737 3915 870 3979 Conviv.
900 3935 931 3996 p.
954 3916 1016 3977 173
1039 3915 1076 3975 A.
1121 3911 1214 3990 Quod
1242 3913 1407 3994 Euphemo

261 4005 419 4089 archonte,
441 4009 493 4076 Ol.
506 4018 559 4093 90,
570 4023 602 4078 4.
646 4016 792 4081 Calvis.
814 4016 875 4099 Op.
898 4018 1016 4082 Chron.
1038 4041 1071 4100 p.
1088 4025 1163 4098 142,
1178 4023 1208 4096 3,
1230 4017 1326 4100 idque
1348 4017 1408 4078 Le·

260 4108 345 4172 naeia'
367 4116 557 4180 celebratum
579 4131 635 4197 est,
656 4133 693 4182 ut
714 4133 746 4182 et
764 4124 943 4185 Athenaeus
960 4125 1003 4185 V.
1024 4146 1057 4205 p.
1071 4126 1136 4184 216
1160 4119 1328 4184 memoriae
1343 4130 1408 4180 tra·

260 4207 325 4289 dit,
354 4229 387 4279 et
413 4221 596 4304 Anonymue
623 4223 781 4306 Descript.
802 4225 930 4308 Olymp.
952 4225 990 4288 ad
1013 4224 1064 4291 Ol.
1086 4226 1155 4304 XC,
1174 4233 1212 4287 4:
1243 4214 1410 4305 ’Arduus

262 4307 280 4377 ὅ
308 4317 555 4404 τραγῳδοποιὸς
585 4330 814 4410 στεφανοῦται
846 4329 1020 4414 Ληναίοις.
1070 4329 1110 4390 Et
1138 4349 1208 4391 cum
1235 4325 1408 4407 Sophocles

261 4429 393 4496 propter
427 4422 597 4490 exilitatem
631 4430 716 4494 vocis
748 4451 855 4495 omnes
889 4429 1009 4494 Iabulas
1042 4431 1247 4494 histrionibus
1279 4426 1409 4492 omniuo
