3086 4992
798 329 873 400 120

262 516 427 582 admodum
462 518 572 580 similis
598 527 660 594 est,
694 517 809 578 Athen.
830 513 873 575 X.
896 534 929 592 p.
947 513 1028 591 454,
1059 531 1173 574 nomen
1201 509 1315 572 Thesei
1345 528 1420 570 non-

264 621 425 700 signauitr

391 724 530 810 Γραρῆς
552 722 570 790 ό
594 723 728 808 πρῶτος
749 713 793 805 ἦν
815 715 1116 805 μαλακόφδαλμσς
1137 715 1280 794 κύκλος,
1300 796 1302 804 y

392 831 510 892 diessen
532 825 637 893 διοοοί
660 818 802 897 κανόνες
821 818 994 906 ἰσόμετροι
1015 820 1128 901 πάνυ,

390 923 534 1003 τούτους
558 929 594 996 δί
617 919 766 1010 πλάγιος·
783 917 838 991 διό
860 925 967 1010 μίσου
987 923 1099 992 συνδεῖ
1117 917 1248 1000 erreis,

393 1029 510 1115 τρίτον
531 1022 563 1094 δ’
578 1028 694 1112 ἑλικτῷ
714 1017 891 1113 βοστρύχῳ
913 1024 1153 1110 προσεμφερές.

392 1135 511 1199 ἔπειτα
534 1126 688 1215 τριόδους
709 1125 853 1213 πλάγιος
874 1124 918 1201 ὥς
939 1127 1115 1211 ἐφαίνετο,

345 1235 349 1244 “
395 1236 551 1318 πέμπται
578 1225 766 1300 δ’όναδεν
787 1228 958 1316 ἰσόμετροι
979 1228 1100 1320 ῥάβδοι
1123 1223 1205 1308 δυό,
1249 1259 1252 1267 ·
1299 1249 1303 1258 ·

386 1322 498 1401 αὗται
520 1333 555 1400 δί
578 1333 809 1401 συντείνουσιν
831 1338 880 1408 εἰς
901 1332 1007 1419 βόσιν
1028 1332 1126 1416 μίαν.

394 1430 493 1504 ἑκτὸν
514 1431 557 1514 δ’,
581 1435 667 1520 ὅπερ
687 1438 741 1504 καί
765 1433 921 1520 πρόσθεν
939 1428 1018 1518 εἶφ’,
1040 1430 1064 1502 o‘·
1081 1434 1276 1522 βόστρυχος.

265 1536 439 1616 prudenter
457 1561 524 1612 eom
542 1543 663 1603 homini
682 1542 804 1618 tribuit,
825 1541 987 1602 literarum
1011 1537 1341 1618 cognitionis'omnioo
1358 1557 1415 1600 ex·

264 1641 349 1717 perti
380 1642 509 1724 (Athen.
529 1645 553 1704 l.
575 1646 597 1704 1.
626 1639 786 1729 ἄγροικόν
814 1667 893 1709 τινα
924 1636 1155 1727 ἀγράμματον
1183 1639 1324 1724 παράγει
1352 1641 1412 1704 καί

265 1742 392 1808 τούτου
411 1745 451 1810 τὸ
472 1747 536 1814 τού
561 1746 695 1829 Θησέυς
717 1741 828 1829 ὄνομα
849 1742 1153 1830 διασημαίνοντα),
1177 1755 1214 1804 ut
1233 1744 1308 1804 haec
1327 1742 1413 1802 ratio

265 1844 466 1924 ingeniosum.
486 1849 575 1910 illum
596 1849 701 1910 lusum
722 1847 954 1930 quodammodo
980 1860 1152 1910 excusaret.
1202 1845 1303 1921 Quem
1324 1866 1414 1908 ceus-

266 1966 330 2008 eom
356 1950 411 2010 vix
434 1952 558 2027 habuit,
592 1973 661 2014 cum
692 1951 775 2014 diem
803 1973 838 2013 ec
868 1965 991 2015 noctem
1013 1950 1296 2029 sorores-geminas
1317 1947 1412 2026 dixit,

265 2068 398 2128 quarum
420 2053 519 2114 altare
543 2056 684 2134 gigneret
705 2057 845 2132 alteram,
867 2056 1047 2136 parturiens
1068 2073 1144 2117 vero
1165 2072 1205 2113 ex
1228 2063 1320 2131 persa
1341 2071 1413 2112 mtr-

265 2171 318 2213 eus
337 2168 525 2218 nasceretur.
569 2159 682 2220 Athen.
713 2160 733 2220 l.
756 2161 778 2219 l.
807 2181 839 2240 p.
860 2161 941 2220 451:
973 2153 1037 2225 κόν
1059 2158 1103 2244 τῷ
1128 2153 1287 2222 Οἰδίποδι
1309 2153 1345 2222 δὲ
1365 2157 1410 2240 τῇ

263 2256 429 2346 τραγῳδίᾳ
451 2258 517 2345 τήν
537 2256 645 2328 νύκτα
665 2261 721 2326 καί
751 2255 816 2346 τὴν
843 2256 977 2346 ἡμέραν
1000 2262 1132 2346 εἴρηκεν
1151 2252 1409 2340 αἰνιττόμενος·

348 2361 409 2427 εἰσί
431 2361 629 2445 κασίγνηται
651 2359 760 2428 διτταί
770 2349 851 2441 ,τόν
871 2356 893 2448 ἦ
914 2362 978 2446 μία
1000 2363 1106 2428 τίκτει

346 2455 412 2543 τὴν
431 2461 567 2544 ἑτέραν,
581 2455 678 2545 πότι)
703 2463 738 2532 δὲ
760 2457 885 2532 τοιοῦτ’
898 2457 969 2532 dni
993 2463 1091 2548 τῆσδε
1112 2464 1300 2530 renuerent.

349 2561 428 2624 Cum
451 2562 577 2628 auditor
597 2566 742 2630 Isocratis
765 2579 844 2630 esset
866 2566 1012 2649 idemque
1040 2566 1185 2628 oratoriis
1212 2566 1280 2645 ipse
1307 2567 1409 2628 virtu·

262 2663 346 2726 tibus
367 2667 552 2745 excelleret,
580 2681 742 2748 ornatum,
770 2689 863 2751 quem
884 2670 1061 2750 superiores
1083 2676 1196 2749 poe'tee
1219 2689 1259 2728 ex
1280 2687 1334 2728 usu
1358 2667 1408 2728 lo·

262 2766 347 2830 renai
368 2767 401 2830 in
426 2769 546 2833 fabulas
567 2786 766 2854 receperant,
798 2771 877 2837 adeo
899 2753 1005 2850 auxit,
1037 2783 1071 2834 ut
1092 2770 1250 2849 iudiciales
1274 2789 1408 2848 census,

262 2880 297 2928 ut
318 2867 529 2953 defensionne,
553 2887 650 2957 utque
672 2873 785 2953 judicia
806 2875 839 2938 in
861 2896 952 2938 scena
973 2875 1144 2955 effingeret.
1187 2873 1257 2951 Qus
1277 2872 1407 2956 qttidern

262 2971 300 3034 dc
331 2993 365 3036 re
394 2973 746 3042 Gravcnhorstius
774 2979 808 3042 io
837 2978 1045 3044 commentat.
1075 2978 1113 3041 de
1142 2998 1237 3041 reuss.
1265 2990 1409 3058 corrupt.

260 3087 332 3154 poet
354 3077 470 3144 bellum
492 3083 642 3163 Pelopon.
665 3095 725 3144 art.
746 3095 824 3161 trag.
846 3087 913 3163 p.8
935 3096 993 3148 etc.
1015 3103 1079 3145 non
1100 3081 1227 3144 indocte
1250 3079 1407 3142 disseruit.

261 3175 531 3253 Quemadmodum
553 3206 594 3250 ex
614 3186 809 3250 sermonibus
829 3185 1100 3267 Bellerophontis,
1128 3184 1218 3247 Stoh.
1235 3183 1333 3244 Serui.
1353 3185 1408 3258 53,

261 3299 357 3362 supro
378 3284 512 3352 laudatis
534 3286 573 3349 de
594 3293 673 3364 justa
695 3289 816 3352 actione
841 3289 1069 3368 cognoscimus,
1096 3309 1190 3371 quam
1211 3286 1410 3348 Stheneboea

262 3383 292 3446 ei
313 3384 465 3462 intendit,
498 3386 537 3453 do
561 3390 756 3454 orationibus
777 3405 840 3456 tam
863 3392 1075 3470 accusatoriis,
1105 3411 1199 3473 quem
1220 3387 1408 3454 defensoriis

261 3485 362 3568 deque
383 3487 498 3564 judicio
520 3491 581 3552 rite
603 3492 757 3558 instituto.
800 3497 881 3560 Nam
901 3515 992 3558 voces
1009 3492 1136 3578 quidem
1152 3489 1266 3576 dyoire
1284 3503 1317 3552 et
1334 3489 1409 3572 αρί-

261 3612 335 3667 σιν,
356 3601 392 3658 ut
414 3588 447 3655 in
469 3613 506 3654 re
529 3595 649 3660 forensi
668 3599 827 3678 vulgatae,
848 3600 1011 3664 Demosth.
1031 3597 1071 3662 de
1095 3615 1200 3660 corun.
1222 3615 1255 3674 p.
1268 3596 1342 3670 228,
1364 3594 1406 3654 27

261 3703 293 3756 ei
312 3693 461 3764 lflsscralee
482 3698 613 3766 tanath.
634 3722 662 3763 c.
679 3707 730 3766 24.
752 3725 785 3783 p.
807 3705 871 3766 245
895 3714 1045 3783 usurpent
1063 3699 1099 3784 ¹).
1149 3697 1302 3762 Similiter
1325 3692 1408 3758 Ore·

259 3807 321 3860 stes
348 3796 470 3864 duobus
495 3805 684 3882 argumentis
708 3806 826 3883 utitor,
853 3825 916 3887 quo
937 3805 1056 3868 crimen
1079 3797 1245 3866 matricidii
1266 3799 1406 3861 leuatum

259 3920 331 3962 ate
354 3917 514 3982 amoveat,
539 3908 676 3988 primum
698 3929 846 3987 uxorem,
869 3929 949 3990 quae
971 3927 1095 3972 menum
1117 3903 1260 3968 intulerit
1281 3902 1406 3973 marito,

257 4005 414 4084 supplicio
432 4006 584 4088 dandam,
613 4022 680 4072 tum
705 4012 856 4074 ultionem
877 4005 1337 4092 patrisdooeoe‚infiliiesse
1357 4005 1407 4066 ol-

258 4107 346 4188 liciis,
359 4126 490 4188 *versute
504 4113 640 4180 'tertium
662 4115 924 4194 praetermittens,
945 4113 1030 4198 quod
1050 4125 1098 4178 est
1118 4113 1152 4174 in
1173 4131 1210 4176 eo
1230 4129 1264 4174 re
1286 4107 1407 4188 'gratis-

262 4253 309 4264 »σὴ-

329 4343 359 4414 l)
378 4347 457 4404 Unde
484 4331 585 4403 locutio
616 4345 685 4414 είγιίι
714 4347 795 4418 lirae
825 4349 895 4420 sptld
924 4325 1083 4422 Euripidem
1113 4345 1328 4420 frequentissime
1359 4357 1405 4400 est.

201 4443 203 4448 '
257 4428 382 4487 Vstchen.
401 4435 484 4488 Dietr.
504 4457 529 4507 p.
546 4441 606 4502 2²⁰,
625 4437 650 4490 h.
1222 4451 1223 4454 ¹
