3086 4992
787 321 861 396 134

260 526 323 574 tur.
365 509 458 575 Unde
478 511 561 574 enim
583 512 705 573 Azanes
724 508 876 592 appellati
897 507 993 572 sunt?
1034 509 1135 588 Quale
1156 527 1270 573 nomeu
1291 513 1405 575 Athlu-

259 636 329 678 rum
359 612 443 677 tutat
488 611 595 691 Quod·
613 613 767 677 Aethonis
798 611 1037 694 argumentum?
1079 615 1146 678 Nec
1179 635 1229 678 res
1258 615 1292 676 in
1323 617 1407 677 Hee-

260 719 400 800 phaeeto·
412 719 573 798 expositae
587 739 608 778 a
626 717 731 798 potitis
742 718 865 800 saepius
880 726 1029 779 tractatae
1047 719 1261 800 reperiuntur.
1303 719 1406 782 Porro

259 819 339 904 quid
362 819 401 882 de
422 819 521 900 lrida,
542 822 640 900 Iino,
667 821 787 883 Moeris
807 819 996 901 judicemus,
1020 842 1084 884 non
1105 821 1273 885 admodum
1293 823 1406 906 liquet.

261 925 317 986 llis
338 925 517 987 Phanaeum
538 926 720 1007 Apollinem
741 925 892 1005 addimus,
912 947 931 988 a
952 927 1171 1008 promontorio
1193 925 1266 990 Chii
1287 947 1407 988 nuncu·

257 1041 384 1111 patum,
412 1049 506 1112 quem
527 1031 786 1094 Hermannus
808 1029 924 1114 Opusc.
942 1033 980 1094 T.
1001 1032 1054 1093 lll.
1073 1051 1107 1112 p.
1126 1033 1191 1093 289
1212 1051 1231 1090 a
1252 1027 1406 1111 scriptore

259 1126 356 1196 Rhesi
377 1132 445 1194 solo
466 1133 623 1195 nominari
645 1155 674 1197 v.
689 1137 752 1199 355
773 1135 941 1212 existimat,
963 1134 1065 1196 lostam
1079 1127 1195 1194 Achaei
1208 1133 1405 1214 sp.}tesyeh.

259 1256 285 1299 s.
298 1258 329 1300 v.
352 1236 500 1310 Φαναῖος
519 1233 709 1304 Ἀπόλλων·
726 1233 871 1326 »Ἀχαιός
891 1231 1069 1325 Ὀμφάλῃ.
1089 1229 1182 1319 nupsi
1199 1235 1301 1309 Χίοις
1316 1229 1406 1300 οὕτω

261 1339 411 1424 λέγεται,
440 1339 533 1420 plana
555 1338 819 1420 praetermittens.
860 1339 1003 1402 Artemin
1024 1336 1195 1420 appellavit
1215 1335 1405 1400 Samnitem.

261 1441 396 1523 Hesyeh.
414 1459 439 1502 s.
451 1463 482 1504 r.
505 1441 671 1525 Σαρωνία.
695 1441 850 1527 Saporda
866 1436 1042 1523 Ἄρτεμις·
1062 1433 1202 1528 Ἀχαιὸς
1219 1437 1319 1522 Θησεῖ
1334 1430 1404 1502 siud

260 1544 324 1611 aas}
348 1549 387 1611 ἐν
414 1545 568 1630 Τροιζῆνι
592 1545 789 1632 Σαρωνικοῦ
812 1545 950 1612 κόλπου.
1003 1541 1149 1621 Ejusdem
1172 1559 1295 1618 tersus,
1325 1557 1407 1622 quos

260 1645 435 1709 Scholiasta
457 1647 570 1729 Eurip.
590 1646 693 1712 Orest.
710 1651 773 1712 373
794 1649 898 1726 habet,
920 1646 959 1708 ad
983 1645 1194 1709 obscuriorem
1214 1643 1330 1704 cultum
1351 1645 1407 1706 Jo-

261 1748 309 1812 vis
330 1749 426 1833 Lycei
447 1752 616 1833 pertinent.
658 1751 821 1815 Miillsr.
842 1751 921 1812 Dor.
938 1751 963 1812 l.
984 1751 1104 1830 peut.
1147 1747 1197 1810 Ex
1217 1766 1281 1828 quo
1303 1749 1408 1812 minue

260 1849 404 1919 sedulum
424 1851 665 1918 illudentium
688 1854 917 1935 cognoscimus,
949 1873 1013 1936 quo
1034 1851 1218 1914 imitationis
1239 1871 1276 1911 aa
1296 1851 1409 1915 simili·

260 1954 378 2020 tudinis
401 1959 536 2038 speciem
558 1957 685 2038 elingit,
707 1979 802 2041 quam
821 1956 1063 2019 ostentationem
1084 1963 1215 2038 potitae,
1235 1954 1407 2019 reconditio

261 2056 422 2121 doctrinae
442 2061 633 2124 ornamentis
653 2063 750 2142 opera
770 2060 961 2140 distinguere
983 2061 1096 2123 conati.
1138 2059 1219 2123 Sunt
1234 2059 1332 2138 igitur
1344 2057 1408 2119 alia

261 2161 383 2240 generis
410 2161 565 2241 ejusdem,
600 2183 778 2246 quanquam
810 2183 850 2225 ex
878 2165 973 2226 rebus
1001 2161 1116 2226 divinis
1144 2184 1181 2224 ea
1210 2181 1275 2226 aon
1305 2161 1407 2227 duxit.

262 2263 527 2330 Commemoravit
549 2267 632 2328 enim
654 2260 802 2344 Πελιόν,
823 2266 960 2348 ignobile
982 2265 1145 2348 oppidum,
1165 2267 1300 2348 Hesych.
1321 2285 1347 2327 s.
1366 2285 1408 2343 v,

261 2390 319 2431 nec
337 2370 396 2432 nisi
416 2373 454 2432 nh
472 2373 611 2434 Homero
630 2370 666 2431 ll.
678 2369 715 2431 ll.
733 2391 763 2433 v.
778 2372 851 2447 594,
862 2369 926 2434 647
944 2371 1147 2452 appellatum.
1190 2366 1274 2431 Vide
1288 2367 1408 2431 Wolf.

261 2472 412 2536 Praeleet.
430 2474 464 2536 in
481 2475 574 2536 Hom.
596 2474 618 2535 l.
632 2475 655 2535 l.
671 2471 707 2558 ¹).
751 2471 901 2553 Lapidem
924 2472 1077 2556 Cyprium
1097 2485 1194 2556 atque
1214 2483 1407 2550 unguentum

261 2571 460 2656 Aegyptium,
475 2579 564 2639 velut
576 2595 626 2637 res
636 2573 886 2656 pretiosissimas,
901 2573 1018 2636 laudat.
1038 2575 1153 2637 Athen.
1164 2575 1237 2636 XV.
1251 2595 1284 2654 p.
1294 2573 1407 2636 osolt

261 2675 423 2738 Praedicat
445 2689 477 2740 et
497 2677 606 2741 vinum
627 2677 800 2754 Bibliaum,
819 2679 934 2742 Athen.
953 2677 976 2741 l.
997 2699 1030 2759 p.
1042 2679 1080 2741 31
1096 2680 1144 2757 A,
1164 2689 1198 2739 et
1218 2677 1405 2738 Tarentinos

262 2782 393 2843 colores.
424 2781 516 2844 Phot.
529 2781 584 2846 l.l.
628 2779 716 2858 Quae
738 2781 864 2865 quidem
886 2784 1029 2863 exempla
1048 2783 1179 2845 maioris
1198 2803 1271 2846 usus
1292 2787 1406 2842 uereor

262 2895 297 2944 ut
327 2883 398 2966 quis
427 2883 559 2947 fortuito
584 2885 675 2948 nobie
702 2883 813 2946 relicta
841 2885 1006 2948 existimet.
1050 2885 1108 2947 llis
1129 2884 1212 2946 enim
1236 2881 1406 2946 finitimum

262 2997 309 3048 est
328 2988 462 3049 alterum
490 2999 746 3053 ornamentorum
775 3005 888 3068 genus,
919 3007 1000 3068 quas
1021 2985 1060 3048 ad
1081 2983 1281 3068 splendorem
1301 2985 1406 3067 poesis

261 3087 435 3169 aagendam
458 3111 590 3174 operose
611 3092 774 3172 congessit.
818 3089 1088 3168 Quemadmodum
1110 3091 1192 3152 enim
1213 3090 1405 3173 posteriores

260 3199 373 3271 poetae
395 3193 496 3256 otiom
517 3194 728 3275 descriptione
749 3195 913 3256 literarum
940 3193 1164 3275 nominumque
1186 3192 1329 3273 inprimis
1350 3190 1406 3254 de·

261 3293 547 3375 lectatiferuntur,
568 3317 662 3379 quam
684 3296 722 3358 iis
743 3297 935 3374 tribuerunt,
954 3296 1013 3378 qul
1034 3294 1127 3358 rudes
1149 3307 1243 3377 atque
1265 3293 1407 3357 illiterati

262 3395 471 3478 {ingerentum
495 3399 538 3460 sic
560 3400 710 3477 Achaeae,
732 3401 848 3462 Athen.
868 3400 924 3461 Xl.
946 3419 979 3478 p.
992 3400 1057 3462 466
1078 3397 1113 3460 Ε.
1129 3397 1175 3474 Ε,
1197 3396 1327 3478 Satyros
1349 3415 1407 3460 ao·

263 3519 334 3558 men
357 3499 492 3582 Dionysi
519 3501 735 3582 persingulas
762 3503 869 3564 literas
897 3500 1137 3584 pronuntiantes
1163 3499 1298 3569 induxit.
1343 3488 1406 3576 Qui

263 3598 355 3662 ludus
383 3613 430 3680 est
458 3600 625 3682 admodum
655 3603 745 3682 exilia
775 3616 808 3666 et
837 3615 945 3666 contra
965 3615 1110 3666 naturam
1131 3587 1270 3666 scenicae
1292 3602 1406 3684 poe'sis,

263 3723 442 3788 quanquam
466 3705 586 3770 facilius
602 3707 640 3768 in
661 3707 797 3790 satyrica
816 3718 936 3788 potest,
957 3727 1052 3790 quam
1074 3705 1192 3786 tragica
1212 3704 1338 3768 admitti
1359 3706 1406 3768 la·

263 3807 352 3884 bula,
383 3827 441 3868 nee
467 3821 643 3891 satyrorum
670 3809 778 3872 indole
801 3811 900 3872 ieram
929 3821 1144 3894 agrestemque
1170 3809 1268 3872 vitam
1290 3807 1405 3889 degen-

262 3909 341 3971 tium
358 3910 516 3992 abhorret.
553 3901 664 3995 ‘Atque
682 3915 757 3975 haec
773 3925 821 3975 est
839 3932 954 3991 caussa,
972 3933 1029 3975 cur
1047 3913 1077 3975 ei
1092 3914 1296 3993 ignoscamus,
1318 3911 1406 3996 qaod

260 4013 294 4076 in
315 4011 398 4076 lride
420 4011 563 4077 adhibuit
584 4014 735 4097 aenigma.
785 4012 998 4082 Nihilominus
1020 4014 1181 4082 vocabulis
1203 4014 1295 4094 lusit,
1324 4035 1405 4098 quae

260 4211 546 4224 ——u———a—

332 4336 363 4402 l)
379 4335 513 4390 Humerus
538 4340 647 4411 quidem
678 4341 775 4394 urbem
807 4340 920 4397 Πτιιῑιὸι
951 4344 1028 4413 dixit,¹
1061 4341 1183 4399 Achaeas
1208 4331 1406 4393 seroJIelto'r·

261 4415 340 4490 Quae
358 4422 461 4476 soranae
479 4444 535 4478 non
553 4439 614 4482 sunt
633 4427 706 4483 ealda
723 4429 849 4486 diversae.
