3076 4998
669 325 741 406 185

135 511 208 590 Vll,
230 514 262 590 4,
283 511 305 572 6
326 509 438 590 hahet,
460 506 616 594 declarat,
642 531 712 574 eum
732 531 783 575 res
796 509 926 594 'patries
945 510 1022 578 inde
1041 515 1081 578 nh
1103 513 1281 599 untiquissi·

129 614 195 680 mis
207 614 403 695 temporibus
415 625 611 679 ensrruntem
622 636 663 678 ne
675 615 792 698 mythis
801 615 929 699 qtridsm
943 619 1139 702 ebetinrn‘sse.
1178 622 1281 684 ,Porro
1369 631 1371 637 ⁴

129 717 237 781 mults
258 731 300 781 e'x
318 717 411 796 hujus
431 717 557 798 scriptis
577 730 756 797 narrantur,
781 735 872 802 quse,
893 721 922 782 si
941 720 1110 788 memorius
1130 721 1282 804 prodidit,

134 836 206 880 cum
228 817 356 897 fierent,
388 820 452 885 suis
480 820 1010 905 oculisnuribusquecognnueret.
1054 825 1103 888 Cf.
1122 829 1282 892 Plutarch.

134 920 597 1004 Pericle,rs;.einrs,1o.
638 924 983 1005 Diogen.L.11,5,⁷.
1027 927 1114 1004 Ques
1135 931 1169 992 in
1191 923 1282 998 sino-
1393 979 1396 986 .

132 1021 317 1113 μνήμασιν
339 1037 422 1092 terte
444 1026 678 1108 perscripserat.
719 1029 897 1092 Athenaeus
915 1031 968 1094 tlt.
988 1053 1028 1112 p,
1044 1035 1086 1094 93
1106 1034 1143 1112 Δ,
1168 1034 1229 1094 107
1243 1033 1282 1111 A,

133 1129 221 1192 xtll.
245 1148 278 1210 p.
297 1130 365 1198 603,
389 1127 574 1214 ἐπιδημίας
591 1129 710 1200 laudnt.
758 1131 822 1209 Qui
842 1135 925 1199 liber
947 1147 1002 1199 sut
1022 1153 1137 1198 nomen
1157 1159 1175 1198 s
1197 1138 1283 1201 Julio

135 1231 375 1309 trosellos
396 1229 566 1312 laudatum,
588 1231 631 1302 ,de
652 1253 716 1315 quo
737 1255 833 1316 supra
854 1235 1000 1318 diximus,
1017 1250 1075 1301 sut
1096 1251 1219 1320 partem
1238 1241 1282 1302 its
1383 1290 1387 1299 s

135 1336 320 1419 inscriptam
349 1336 470 1398 hebuit.
522 1337 711 1430 l'rseprimis
741 1361 824 1406 ntsnc
854 1342 944 1406 nobis
973 1340 1201 1423 explorandum
1226 1353 1282 1420 est,

134 1454 244 1506 utrum
268 1441 301 1504 in
325 1439 548 1520 solo'trsgico,
564 1461 612 1508 ‚un
631 1451 767 1524 utruque
789 1463 902 1522 genere
925 1445 1046 1507 scenico
1067 1464 1196 1525 opernm
1219 1445 1284 1506 col·

134 1544 258 1607 lecerit.
301 1542 486 1606 Comoedias
507 1542 590 1606 enim
612 1545 651 1604 nb
675 1544 750 1609 lone
768 1547 900 1627 scriptas
916 1547 1019 1626 luisse,
1040 1545 1212 1610 Scholiasta
1225 1547 1283 1610 hl

133 1652 263 1733 ἔγραψε
291 1645 329 1714 tlh
355 1646 548 1734 supplice,
577 1658 609 1710 et
637 1647 749 1710 Suidns
780 1670 806 1712 s.
833 1671 865 1713 v.
894 1649 1283 1736 turcomanorum...

133 1755 264 1836 ἔγραψε
292 1747 329 1817 tt
354 1748 534 1836 supercellere
565 1749 714 1812 scribunt.
759 1747 1027 1825 Quemadmodum
1056 1771 1133 1816 uero
1159 1763 1283 1832 cuncte,

133 1852 170 1916 in
193 1853 307 1935 quibus
329 1873 399 1914 cum
420 1850 518 1915 Suids
539 1852 612 1915 [neit
632 1851 819 1931 Scholiasta,
841 1873 882 1916 ex·
901 1863 1007 1916 mente
1028 1854 1120 1930 hujus
1140 1854 1283 1934 prefects
1332 1867 1334 1872 '

134 1955 302 2035 uidentur,
334 1966 370 2018 ut
395 1974 461 2018 non
483 1953 619 2020 duorum
640 1955 786 2033 testium,
816 1953 884 2018 ted*
900 1955 993 2019 uuius
1021 1955 1212 2042 testimonio
1230 1958 1283 2020 uel

133 2060 294 2145 narratio,
321 2062 375 2124 uel
397 2061 489 2124 etism
515 2060 665 2140 judicium
687 2062 908 2144 qualecunque
931 2061 1068 2141 nitetur'3
1102 2060 1146 2124 sic
1168 2063 1283 2142 omnia,

133 2183 217 2246 quse
238 2161 350 2234 suidas
371 2164 393 2225 l.
415 2163 438 2226 l.
459 2165 563 2244 hebet,
588 2165 670 2232 haud
692 2161 787 2228 dubie
811 2185 852 2228 ex
873 2165 999 2229 scholiis
1017 2164 1190 2244 fluxerunt,
1212 2186 1282 2228 cum

133 2265 175 2328 sd
197 2267 301 2330 locum
323 2267 542 2348 Aristophanis
564 2269 659 2349 plens
680 2267 871 2348 pertineant.
924 2266 988 2330 Sed
1012 2270 1137 2351 qualem
1165 2265 1282 2330 doctri·

133 2392 209 2434 nrm
230 2369 357 2436 tandem
378 2369 595 2450 grsmmstinus
616 2371 775 2452 professus
792 2365 863 2432 est?
904 2368 1030 2435 Scilicet
1050 2369 1077 2434 is
1098 2373 1194 2448 locus,
1217 2389 1283 2452 quo

132 2473 439 2553 ludibrium-comici
459 2497 479 2538 o
498 2473 671 2544 Scholiasta
693 2473 733 2538 nd
757 2475 868 2538 P'scem
893 2475 1082 2556 exponitur,
1114 2475 1208 2537 unius
1227 2495 1283 2537 ue·

132 2578 213 2642 tusti
235 2577 418 2660 interpretis
438 2596 502 2640 non
524 2577 616 2642 debet
639 2577 756 2658 uideri3
779 2575 834 2640 sed
850 2575 929 2642 elius
948 2580 1045 2641 rerba
1059 2572 1141 2644 'Iov
1159 2571 1178 2642 ei
1198 2576 1284 2649 Χῖος

88 2703 93 2710 ·
133 2726 143 2744 .
166 2725 176 2745 .
200 2721 242 2744 ι.
264 2724 274 2744 .
294 2683 425 2766 ἐγένετο
446 2682 594 2759 subjecit,
618 2682 699 2746 nlius
721 2701 826 2766 opere·
839 2683 931 2759 hujm
952 2680 1181 2759 dinumeravit,
1202 2679 1282 2742 alius

133 2784 285 2868 denique,
305 2785 503 2848 Athenaeum
522 2797 656 2862 secutus,
682 2783 723 2848 ‹te
744 2784 877 2847 victorin
899 2804 934 2844 eo
954 2803 1086 2846 numero
1108 2780 1283 2863 tragoedis·

25 2935 30 2946 .
132 2909 207 2952 rum
230 2887 350 2965 retulit,
373 2899 420 2964 ut,
441 2887 497 2970 qui
519 2887 725 2966 frug-mentum
749 2884 942 2966 dithyremhi
965 2883 1114 2958 laudarit,
1135 2885 1283 2966 antiquus

129 2991 192 3053 ille
212 3011 248 3052 se
271 2989 333 3052 fido
355 2987 671 3070 dignus'Scholissts,
691 2987 776 3050 idem
796 2989 902 3050 Ionem
925 2984 1167 3068 haudquuqusm
1188 2987 1284 3048 comi·
1316 3046 1320 3050 ,

132 3114 206 3156 cum
227 3113 404 3158 numerasse
427 3090 596 3159 videatur„
625 3089 728 3168 Quem
745 3088 902 3154 diuersam
920 3088 982 3153 loci
1002 3088 1165 3170 originem,
1185 3109 1283 3172 quum
1390 3145 1395 3153 „

130 3197 256 3279 duplex
283 3197 339 3260 ills
366 3197 406 3260 de
433 3195 534 3277 glorie
561 3198 654 3274 hujus
682 3193 837 3260 sententis
865 3191 1069 3279 περιβόητος
1093 3192 1130 3260 δὲ’
1151 3191 1284 3276 ἐγένετο

133 3343 171 3362 ..
191 3343 227 3364 ··
247 3302 304 3368 stul
328 3293 422 3369 πάνυ
443 3299 583 3386 δόκιμος
604 3292 667 3384 ἦν,
686 3299 844 3380 tumipsa
867 3299 1037 3384 uerborum
1059 3293 1156 3359 series
1176 3305 1283 3358 osten·

132 3403 201 3481 dit,
228 3415 398 3484 propterea
426 3395 511 3486 quod
539 3404 686 3487 antiquus
708 3403 881 3484 interpres,
915 3421 994 3484 quse
1019 3399 1052 3461 in
1075 3419 1164 3466 usum
1189 3399 1282 3474 hujus
1402 3481 1405 3488 .

132 3505 199 3572 loci
219 3503 343 3585 cedunt,
363 3506 403 3570 sd
420 3507 562 3572 rectioris
583 3507 800 3590 explicationis
821 3507 943 3586 regulos
966 3501 1212 3586 comprehendit,
1234 3522 1283 3563 cc·
1354 3529 1357 3542 ·

133 3619 327 3674 terrentem
345 3628 410 3674 non
427 3609 521 3673 medo
541 3631 633 3676 suum
654 3611 758 3672 locum
779 3629 842 3670 non
865 3608 1029 3685 obtinent,¹
1042 3605 1096 3670 sed
1114 3627 1157 3671 nn·
1168 3603 1282 3669 idoneo

133 3712 266 3797 quidem
296 3712 424 3775 uinculo
453 3715 537 3776 inter
565 3735 598 3776 se
627 3717 869 3792 conjunguntur.
911 3709 994 3774 Satis
1024 3709 1134 3772 hahuit
1162 3709 1282 3789 primus

133 3815 324 3894 Scholiasta,
347 3814 544 3880 dinumerare
565 3836 679 3895 genere
699 3814 817 3895 pots'sis,
839 3812 953 3896 quihus
973 3813 1008 3876 lo
1032 3810 1198 3890 excelluit3
1222 3811 1282 3885 hoc

133 3918 283 3997 'singulos
294 3921 360 3996 eius
381 3917 498 3998 species
521 3927 752 3980 commemoret.
794 3918 837 3978 At
857 3916 885 3978 si
902 3915 935 3978 id
951 3927 1037 3978 recte
1053 3915 1158 3976 iecere
1172 3908 1283 3986 voluit,

133 4019 292 4104 quomodo
314 4017 499 4100 tragoedias,
520 4019 802 4102 praeclarissimum
825 4018 904 4082 illud
925 4013 1032 4099 genus,
1059 4015 1203 4078 omittere
1223 4029 1284 4092 pe·

134 4121 220 4188 tuit?
262 4109 344 4186 Nam
365 4125 495 4205 plenum
512 4122 682 4186 carminum
698 4143 865 4186 numerum
883 4139 1073 4203 proponere,
1095 4133 1283 4198 nequseum
1332 4128 1350 4148 ³

134 4227 180 4290 ita
197 4225 363 4308 instituens
385 4225 497 4305 uoluit,
517 4237 553 4288 ut
568 4226 732 4306 superiore
746 4223 936 4288 luculentius
951 4223 1133 4284 illustraret.
1176 4215 1283 4294 Qusrs

133 4328 333 4408 dubitemus,
356 4349 432 4392 num
453 4326 629 4392 comoedias
650 4326 828 4412 scripserit,
859 4325 975 4407 purtim
996 4321 1081 4407 quod
1101 4319 1227 4384 Graecis
1248 4319 1283 4385 id

133 4432 232 4498 neoris
256 4433 328 4510 tuit,
348 4444 384 4496 ut
405 4432 520 4516 singuli
540 4437 652 4516 potitus
672 4451 737 4496 non
759 4433 942 4505 laborarent
963 4427 996 4490 in
1021 4437 1155 4511 utroque
1176 4424 1281 4508 poh'eis
