3086 4992
667 281 744 361 115.

129 487 262 542 narnur,
287 476 323 528 ut
345 483 416 529 eaorv
433 463 466 526 iu
490 465 599 534 itinere
620 466 758 532 Mausoli
780 479 811 530 et
832 469 978 532 inchoare
1001 481 1152 549 protenus
1175 487 1205 536 et
1226 478 1281 545 ab·

129 573 256 634 solvere
271 563 404 649 posset?
440 564 601 642 ,Quocirca
618 569 692 638 haec
714 570 758 644 ita
778 573 869 633 uobis
891 571 1081 636 enucleanda
1095 587 1177 640 sunt.
1222 579 1282 649 er.

130 673 266 749 tamisia,
286 691 356 733 cum
374 671 466 744 isrnus
483 672 596 742 marito
612 673 858 752 magnificentius
879 696 988 755 parare
1005 677 1171 754 statuisset,
1192 701 1282 759 prae·

131 779 271 840 mierum
293 795 347 855 spe
366 774 506 841 homiues
527 778 795 860 convocavit‚.qui
818 779 935 858 partius
954 779 1087 858 gloriam
1108 782 1194 862 regis'
1212 805 1282 849 ora·

130 881 271 945 tionibus
294 880 504 957 celebrarent,
535 882 650 962 partim
674 883 743 949 aliis
765 880 911 946 ludorum
933 883 1100 962 generibus
1121 888 1282 960 celebrita-

130 997 201 1046 tem
218 983 357 1064 supremi
381 977 446 1046 diei
467 999 626 1064 augerent.
669 988 826 1054 Nimirum
853 989 912 1051 bos
938 987 1074 1068 primurn
1099 989 1185 1053 illius
1210 971 1282 1057 cone

131 1088 308 1153 suetudinis
331 1091 508 1170 exemplum
534 1090 611 1170 tuit,
633 1113 694 1174 qua
715 1090 845 1173 plurimi
867 1105 976 1174 postea
997 1111 1103 1172 reges,
1125 1115 1193 1156 eum
1216 1095 1282 1162 dies

134 1193 231 1254 festos
250 1211 341 1270 agere
365 1193 491 1270 vellent,
513 1206 544 1256 et
566 1192 643 1259 alios
663 1195 829 1276 variosque
848 1195 983 1268 artifices
996 1207 1027 1258 et
1045 1195 1179 1276 tragicos
1199 1213 1284 1264 acto-

134 1316 186 1360 res
208 1297 440 1376 excitaverunt,
472 1298 645 1378 utpartim
668 1299 853 1380 splendore,
885 1299 1001 1381 partim
1023 1299 1225 1372 multitudine
1244 1323 1283 1364 ¹uo

132 1399 285 1462 varietate
308 1419 442 1478 operum
465 1399 586 1462 animos
615 1402 728 1467 civium
752 1404 912 1476 satiarent.
962 1401 1071 1480 Quam·
1086 1403 1213 1486 quidem
1234 1407 1283 1466 lu·

132 1502 248 1564 dorum
270 1501 530 1582 coniunctionem,
551 1505 584 1565 in
606 1525 669 1588 que
685 1506 862 1586 tragoediae
883 1527 1043 1588 nunquam
1066 1509 1284 1574 desideraban-

132 1618 197 1682 tur,
219 1609 258 1668 ab
280 1607 432 1668 Archelao
448 1629 491 1670 vae
508 1610 660 1692 Philippo
684 1608 770 1675 ducit
789 1611 1035 1680 Wslckerus
1056 1614 1077 1676 l.
1094 1615 1116 1675 l.
1140 1636 1172 1694 p.
1190 1615 1284 1675 1276.

133 1709 243 1786 Quare
265 1732 337 1773 cumv
355 1711 614 1791 praestantissimi
640 1713 860 1776 convenissent
881 1719 1041 1792 or'atore's,
1071 1735 1129 1785 nec
1150 1715 1204 1776 alii
1231 1713 1285 1776 de·

137 1825 260 1890 essent,
284 1813 338 1898 qui
361 1813 508 1876 docerent
530 1813 704 1894 tragoedias
713 1815 935 1892 ,Theodectes
943 1860 953 1896 ‚
983 1829 1117 1898 utraque
1140 1819 1194 1878 ille
1210 1831 1284 1880 erte

135 1915 250 1992 clarus,
271 1913 357 1978 Suid.
375 1935 465 1981 sev.
486 1907 692 2000 Ἰσοκράτης,
710 1909 871 1998 Ἀμύκλα
896 1959 904 1978 ·
929 1956 938 1978 ·
960 1918 1015 1984 sel
1039 1902 1218 2008 Θεοδέκτῃ,
1239 1922 1285 2003 epi
1306 1975 1308 1978 .

134 2015 250 2104 ῥήτορι
271 2019 326 2085 καὶ
349 2018 596 2104 rpoypdoe'eospi,
617 2031 649 2080 et
673 2019 837 2083 funebrem
858 2019 1032 2083 orationem
1050 2021 1171 2098 habuit,
1192 2033 1223 2082 et
1241 2022 1286 2083 fa-

134 2124 243 2184 bulam
261 2120 360 2184 edidit
378 2123 566 2185 Mausolum.
610 2121 693 2200 Ergo
715 2121 770 2182 ille
792 2120 918 2204 quidem
939 2133 1071 2203 propter
1089 2123 1286 2206 Theopompi

137 2225 271 2287 virtutes
293 2221 468 2306 displicuit3
491 2224 562 2286 huic
584 2237 660 2289 vero
675 2228 857 2306 praemium
880 2227 1033 2290 tributum
1056 2236 1113 2288 est.
1156 2227 1285 2310 Exque

136 2309 293 2390 sententia
317 2346 426 2388 eorum
447 2327 624 2401 refutatur,
652 2329 725 2409 qui,
754 2328 884 2410 duplex.
898 2328 1073 2392 certaminis
1094 2349 1191 2408 genus
1213 2351 1286 2414 conf

137 2429 322 2508 frendentes,
349 2429 442 2492 modo
465 2429 637 2494 Theodecti
656 2430 829 2496 viatorium.
841 2433 1039 2507 tribuerunt,
1068 2431 1170 2496 nuda
1185 2435 1286 2500 Theo·

136 2553 267 2614 pompe.
309 2533 471 2597 Nescimus
491 2535 596 2614 igitur,
618 2555 694 2598 num
717 2537 788 2619 quis
810 2538 1075 2600 Maerekerum
1095 2541 1162 2614 iure
1178 2559 1286 2618 repre·

19 2671 20 2674 =
137 2635 276 2700 bendere
298 2637 414 2718 possit,
438 2638 494 2720 qui
515 2639 597 2700 hano
617 2639 733 2719 ipsam,
757 2650 793 2702 ut
812 2639 922 2702 scribit
944 2640 1210 2716 waldker-us,
1232 2653 1287 2705 aut

137 2741 272 2803 similem
306 2740 446 2806 defendit
479 2744 673 2806 sententiam.
698 2777 739 2791 -
774 2745 941 2809 Praeterea
974 2740 1170 2824 Oedipum
1203 2745 1286 2806 lecit.
1341 2731 1349 2751 ’

138 2845 253 2907 Athen.
265 2845 307 2905 X.
320 2865 353 2924 p.
367 2845 428 2906 451
450 2841 575 2928 (Grot.
588 2845 664 2911 Exc.
681 2870 712 2928 p.
721 2846 800 2926 447)
815 2851 891 2911 454.
933 2843 1116 2910 Orestem
1128 2845 1167 2908 ed
1181 2858 1286 2928 partes

140 2947 271 3010 Aristot.
292 2945 385 3008 Rbet.
405 2947 442 3024 ΙΙ,
464 2951 507 3010 24
530 2959 629 3009 voest.
679 2949 953 3010 Philoctetem
974 2945 1082 3010 laudat
1103 2947 1287 3011 Aristoteles

136 3049 209 3112 Etb.
231 3049 355 3112 Nisum.
377 3052 446 3126 vtt,
467 3053 499 3112 8.
530 3051 653 3131 hspes
676 3049 715 3115 ad
740 3049 770 3112 b.
792 3053 823 3111 1.-
859 3049 1039 3114 Cramer.
1060 3047 1210 3110 Aneedot.
1232 3048 1287 3110 Gr.

139 3153 238 3216 Paris.
259 3154 282 3218 Ι.
305 3169 337 3233 p.
353 3157 428 3215 243.
448 3185 451 3194 v
470 3150 693 3230 Fragmentum
715 3172 755 3214 ex
776 3153 940 3234 Thyesta
957 3147 1092 3210 duetum
1112 3147 1194 3230 apud
1217 3149 1289 3210 Sto·

139 3259 252 3317 basum
279 3255 436 3331 inuenies,
464 3254 658 3333 sGrotio,
686 3253 945 3318 Valckenarius
967 3249 1009 3314 ad
1029 3250 1136 3330 Eunip.
1159 3252 1289 3332 Hippul.

138 3357 862 3436 240,Heersnio,leoohsi·otentatum.
904 3357 1004 3418 Porro
1026 3374 1133 3418 versus
1156 3355 1291 3416 Thesei
1373 3404 1377 3411 .

138 3463 178 3523 ab
193 3462 356 3523 Athenaeo
376 3461 418 3520 X.
441 3482 472 3539 p.
488 3464 553 3523 454
574 3461 705 3540 laudari,
728 3462 976 3524 Weloltsrus
997 3479 1029 3538 p.
1044 3459 1128 3520 tots
1150 3459 1290 3536 conjecit.

138 3563 321 3647 Tydeum
343 3565 478 3644 respicit·
493 3565 679 3628 Aristoteles
701 3567 788 3628 Po'e‘t.
811 3569 863 3628 16.
915 3563 969 3625 Est
998 3566 1086 3624 locus
1114 3560 1290 3624 Achillis

140 3669 195 3730 vel
215 3668 457 3746 Memnonis,
474 3689 573 3750 quens
596 3669 710 3732 Strabo
730 3669 813 3740 ΧΥ,
828 3672 857 3744 1,
878 3669 920 3729 24
942 3665 1089 3728 servavit.
1132 3661 1292 3746 Laudatur

143 3769 298 3852 denique,
325 3791 389 3832 non
411 3769 519 3832 addito
540 3772 664 3832 fabulae
687 3769 828 3844 nemine,
859 3789 910 3849 ap.
931 3767 1097 3830 Stobaeum
1119 3764 1218 3826 Serm.
1241 3767 1291 3838 53,

146 3874 218 3951 117,
242 3876 313 3950 123,
336 3876 408 3952 187,
432 3877 504 3950 188,
524 3877 601 3952 218,
623 3876 699 3938 251.
741 3871 848 3950 Eelug.
868 3871 925 3931 Ph.
948 3871 972 3948 Ι,
994 3871 1024 3946 3,
1049 3871 1078 3930 7.

231 3973 318 4052 Quae
344 3995 412 4036 cum
435 3975 478 4038 ita
491 3974 586 4052 sint,
610 3973 670 4036 etsi
695 3975 750 4036 itta
779 3974 977 4055 potissimum
1004 3978 1186 4048 argumenta
1215 3965 1292 4025 arri-

142 4077 224 4159 puit,
248 4077 282 4138 in
305 4077 419 4160 quibus
442 4078 634 4138 multaevel
654 4077 802 4154 lubricae,
828 4077 878 4138 vel
900 4075 1080 4146 obscoenae,
1102 4067 1152 4132 vel
1173 4078 1292 4128 atroces

142 4191 249 4260 partes
271 4179 425 4255 inessent,
453 4179 629 4260 quibusque
651 4190 715 4240 tem
736 4177 898 4254 libidines,
927 4195 1020 4257 quam
1045 4174 1208 4232 horrorem
1230 4181 1293 4230 ter-

142 4301 313 4364 roremque
336 4281 469 4344 excitare
491 4294 604 4361 posset,
627 4282 728 4364 qualis
752 4280 790 4342 ad
813 4281 979 4342 affectuum
1001 4271 1219 4368 purgationem
1239 4291 1294 4334 ns-

144 4406 306 4472 quaquam
328 4383 598 4461 necessariorem,
620 4385 860 4468 ubique·temen
882 4380 1043 4458 exemplar
1064 4375 1223 4458 Euripidis
1245 4395 1294 4437 se·

964 4491 1008 4551 8*
