3044 4982
768 377 911 426 XXXVI

269 555 303 604 at
334 541 457 604 tertiam
490 539 608 618 libelli,
640 559 733 622 quem
756 538 1003 602 Walckerus
1033 536 1072 600 de
1097 538 1255 618 tragoedia
1281 539 1431 602 Graeco·

267 666 338 707 rum
369 645 487 723 edidit,
520 656 642 725 partem
675 662 740 704 non
765 653 838 704 ante
865 642 1080 723 nanciscerer,
1113 664 1209 726 quam
1235 660 1315 725 opus
1344 665 1429 706 con-

218 743 221 750 ’
267 752 380 814 loetum
410 748 457 812 ΠΙ.
484 747 634 809 societati
663 745 906 828 proposuissem.
958 744 1060 823 Quam
1083 747 1109 810 si
1130 747 1282 809 maturius
1303 748 1430 808 biblio-

267 856 339 936 pola
363 853 440 914 mihi
464 852 614 930 misisset,
642 868 704 911 non
728 847 823 910 modo
847 849 1005 928 egregium
1025 869 1106 930 opus
1127 851 1161 910 in
1183 869 1273 912 usum
1295 869 1428 927 vocare,

268 958 321 1021 sed
344 971 468 1038 tempus
491 955 602 1030 etiam,
631 951 717 1035 qnod
741 953 873 1013 molesta
894 954 1035 1013 locorum
1063 953 1246 1014 collectione
1274 973 1426 1015 consum-

268 1075 357 1144 ptum
387 1075 449 1139 cst,
482 1059 515 1120 in
545 1061 695 1135 majorem
727 1053 947 1136 disputationis
978 1055 1203 1136 perlectionem
1234 1056 1425 1136 impendere

268 1165 449 1246 potuissem.
498 1161 564 1224 Nec
585 1160 696 1222 similis
717 1158 831 1220 Bodii
846 1157 881 1241 *)
903 1159 1033 1239 scriptio
1061 1171 1239 1240 opportune
1261 1159 1340 1220 mihi
1361 1163 1424 1220 ob-

268 1271 331 1330 lata
354 1283 409 1330 est.
459 1265 553 1330 Unda
583 1284 647 1326 non
675 1265 777 1324 solum
804 1262 1017 1342 incommoda,
1049 1285 1130 1346 quaa
1159 1263 1310 1340 alissimus,
1344 1276 1425 1325 nata

269 1384 351 1448 sum,
373 1368 427 1432 sed
451 1368 556 1432 evcnit
576 1365 679 1444 etiam,
700 1378 737 1426 ut
756 1385 817 1442 res,
839 1385 917 1448 quus
938 1365 1091 1444 singulari
1104 1364 1265 1428 industria
1285 1365 1422 1430 videbar

269 1475 347 1534 mihi
368 1472 533 1553 nepccissa,
556 1471 594 1530 ab
616 1470 653 1530 iis
676 1466 794 1530 dudum
817 1469 977 1550 expositas
996 1470 1143 1547 legerem.
1185 1467 1277 1543 Quod
1291 1485 1360 1530 ’non
1380 1491 1422 1530 ea

269 1576 308 1638 tle
329 1595 435 1637 cascesa
459 1576 676 1652 commemoro,
699 1584 845 1655 tanquam
864 1571 982 1650 laudes,
1001 1592 1082 1654 quas
1099 1571 1121 1632 ii
1139 1573 1287 1654 consequi
1302 1575 1421 1650 solem,

269 1680 325 1762 qui
347 1698 397 1740 res
419 1695 517 1743 novos
541 1690 572 1738 ct
592 1697 611 1738 s
633 1697 667 1739 sa
689 1677 832 1740 inventas
853 1676 887 1737 in
916 1675 1053 1737 medium
1079 1675 1230 1751 alienent,
1258 1677 1299 1735 ab
1320 1693 1417 1736 orna-

268 1784 395 1846 tissimis
418 1781 493 1846 viris
516 1794 699 1864 praereptas
722 1781 811 1842 milti
829 1779 967 1857 doleam,
995 1777 1054 1842 ssd=
1069 1779 1110 1840 ns
1132 1778 1189 1861 qui
1212 1778 1343 1840 moleste
1370 1778 1419 1840 ls-

269 1899 358 1966 rant,
390 1883 475 1969 quod
503 1906 606 1969 nsque
628 1905 718 1948 suum
741 1885 853 1968 cuique
874 1883 1058 1959 tribuerim,
1090 1881 1148 1943 uec
1177 1881 1215 1943 iis
1244 1882 1416 1944 sonantius

270 1989 509 2067 assignaverim,
535 1990 651 2069 quibus
673 2008 724 2049 aas
749 1985 858 2048 deberi
880 1986 1070 2047 existimant.
1106 1985 1209 2061 Nam,
1237 1996 1273 2046 ut
1292 2005 1344 2046 eas
1364 2003 1417 2046 ru·

271 2091 373 2150 tiones
401 2089 561 2164 omittam,
589 2087 632 2149 'de
657 2088 772 2168 quibus
799 2085 936 2148 Mutet.
958 2083 1056 2166 Oper-
1077 2087 1114 2146 T.
1134 2087 1174 2148 ll.
1196 2107 1231 2166 p.
1249 2089 1314 2149 sot
1337 2109 1418 2149 tinus

270 2191 408 2253 omnium
428 2189 548 2271 optima
563 2187 737 2266 ¹judicavit,
767 2207 838 2250 cnm
859 2207 912 2264 ee,
942 2209 1023 2270 quaa
1047 2187 1096 2252 illi
1121 2187 1313 2269 docuemat,
1345 2213 1416 2255 cum

270 2297 327 2356 hac
354 2295 525 2376 scriptione
556 2294 745 2371 conferrem»,
777 2293 980 2372 cogitationes
1008 2315 1027 2355 a
1055 2305 1199 2376 tempore
1223 2297 1309 2376 gigni
1336 2296 1415 2356 mihi

269 2397 452 2479 persuasum
469 2412 539 2476 est,
561 2419 739 2482 quanquam
762 2416 813 2460 eas
833 2398 975 2460 homines
997 2400 1104 2482 eloqui
1125 2398 1320 2463 viderentur.

352 2499 417 2564 *ssd
444 2502 545 2562 lacero
569 2521 633 2563 non
660 2521 803 2582 possum,
834 2501 911 2583 quin
940 2500 1062 2564 duobus
1091 2502 1170 2566 viris
1197 2501 1418 2568 eruditissimis

270 2604 410 2686 mihique
425 2605 637 2671 lencilianitatc
653 2605 910 2683 coniunctissimis
926 2607 1053 2686 publice
1067 2607 1182 2686 gnatius
1199 2627 1297 2687 agam,
1317 2627 1419 2690 quan·

270 2717 399 2790 tumque
420 2706 460 2768 iis
481 2706 625 2785 debeam,
647 2710 781 2788 ingenue
804 2708 968 2790 profitear.
1009 2707 1090 2771 Nam
1111 2729 1182 2771 cum
1204 2710 1295 2790 copia
1317 2712 1420 2772 libro·

269 2829 356 2888 num,
378 2831 458 2892 quae
480 2812 513 2872 in
535 2824 623 2874 tanta
642 2813 827 2895 quaestions
849 2811 1059 2890 desideratur,
1086 2813 1119 2873 in
1142 2811 1339 2876 bibliothecis
1363 2833 1420 2874 ur·

271 2913 373 2992 bium,
402 2917 435 2976 in
458 2917 571 2999 quibus
593 2918 675 2979 lente
695 2920 862 2994 versabat,
883 2919 971 2979 mihi.
989 2915 1183 2994 sonuisset,
1212 2917 1420 2982 Wiois‘ws·

269 3018 371 3095 hius,
391 3020 555 3098 professos·
575 3019 693 3100 regias,
715 3019 770 3103 qui
792 3019 1262 3083 bibliothocaaMouastenieasi
1282 3032 1419 3097 praeest,

270 3131 301 3180 et
318 3121 586 3202 Vorwonkius,
608 3138 794 3206 praecapton
811 3123 1049 3204 archigymnaaii
1063 3121 1248 3196 Susmsnsis,
1264 3120 1414 3204 adqusm

271 3243 346 3306 cura
360 3225 502 3306 copiosae
516 3227 884 3307 bibliothecae-pertinet,
903 3219 1055 3305 quidquid
1068 3222 1278 3301 postulabam,
1293 3241 1417 3286 summu

271 3327 458 3388 liberalitate
485 3340 579 3410 atque
606 3329 797 3394 humanitate
826 3325 903 3386 mibi
931 3324 1154 3404 praemensus.
1200 3322 1267 3402 :Qui
1293 3325 1320 3388 si
1344 3327 1418 3389 olli·

273 3426 354 3486 cium
377 3428 455 3490 mihi
477 3427 716 3508 detrectassent,
740 3429 820 3492 nihil
841 3428 962 3491 efficere
982 3427 1165 3508 potuissem.
1242 3463 1246 3477 ·
1274 3439 1277 3446 '

284 3566 286 3575 ·
359 3530 478 3611 Scripsi
495 3534 672 3614 lletbsngae
693 3531 937 3598 westfalaos.
954 3530 1201 3594 Mncocxnn.
1258 3551 1261 3558 ·
1301 3565 1313 3580 ·=

272 3834 293 3886 p
325 3746 370 3903 ἦ)
391 3735 561 3815 [cesanam
582 3751 815 3814 assuescamus:
839 3749 1000 3806 statimne
1024 3768 1046 3804 v.
1064 3749 1098 3803 e.
1116 3749 1148 3802 u.
1166 3749 1269 3810 soce,
1293 3751 1354 3806 vu.
1373 3753 1417 3808 m.
