3086 4992
821 329 871 404 58

274 511 328 580 olet
350 503 587 600 άναμεμῑχδαι
618 514 664 602 'ti
697 513 864 598 Μοροίμῳ
898 507 953 578 διά
994 503 1034 578 εδ
1060 511 1114 578 οιαὶ
1141 512 1204 583 ade*
1230 508 1418 600 Μόροιμον

278 606 397 697 ἰατρόν
419 612 506 680 εἶναι
529 609 631 697 duvia
651 605 694 697 ἦν
717 613 752 680 δὲ
769 613 823 678 καλ
846 609 1093 696 τραγῳδοποιός
1116 609 1262 700 α’φειὴσό
1282 616 1419 702 Μόρσι-

274 738 351 796 μορ.
392 714 533 778 Eundem
555 716 610 780 alii
631 714 785 778 medicum
806 715 945 792 omnino,
970 716 1115 796 Hesych,
1136 717 1242 781 Schol.
1261 719 1302 782 ad
1319 723 1417 785 Arist.

275 817 436 900 Batou,
464 818 518 881 elii
539 833 640 884 autem
662 837 726 881 uon
756 817 943 880 mediocrem
966 819 1129 882 oculorum
1152 821 1305 884 medicum
1327 823 1419 888 dixe·

275 931 369 997 runt,
412 933 491 984 teste
521 921 627 986 schot.
656 922 694 985 ad
728 923 824 987 Arist.
853 924 933 984 Rau.
962 924 1042 983 151:
1073 916 1119 1006 ἧν
1150 924 1186 990 δὲ
1226 918 1418 1010 ὀφθαλμιῶν

276 1016 391 1106 ἰατρός
413 1016 556 1107 άγαδόο.
578 1023 667 1088 Suid.
683 1047 751 1088 ar.
773 1020 962 1110 Μόρσιμος.
991 1021 1176 1106 Quanquam
1190 1026 1418 1108 Aristophanes

274 1144 315 1184 ne
336 1125 416 1186 hunc
437 1124 564 1207 quidem
585 1125 710 1190 laudem
733 1127 880 1189 intactam
903 1126 932 1186 ei
954 1126 1101 1209 reliquit,
1133 1129 1253 1210 qnippe
1275 1130 1331 1214 qui
1352 1150 1417 1190 ms-

275 1227 338 1292 lam
371 1228 543 1292 medicinae
572 1230 717 1312 peritiam
746 1233 785 1292 ab
814 1241 953 1292 amatore
982 1229 1134 1312 Clymeno
1165 1232 1361 1296 contenderit
1383 1233 1418 1294 in

275 1350 344 1392 eum
367 1331 537 1394 transiisse.
580 1331 641 1395 Sed
662 1330 794 1410 indoles,
808 1352 909 1428 ¹quam
928 1332 1053 1394 fabulae
1075 1337 1140 1410 ejas
1162 1336 1354 1412 habuerunt,
1377 1357 1417 1398 ex

276 1446 418 1498 ueterum
440 1432 562 1514 iudiciis
583 1455 648 1498 non
670 1447 756 1499 certo
778 1434 985 1514 cognoecitur.
1028 1434 1080 1498 Sic
1110 1438 1193 1500 enim
1214 1440 1290 1501 haec
1311 1439 1418 1500 omnia

276 1536 341 1598 lere
365 1551 543 1620 comparata
563 1552 653 1617 etant,
674 1551 709 1602 ut
732 1539 846 1619 ambigi
868 1551 980 1622 queat,
1009 1538 1113 1602 suisne
1134 1543 1276 1606 manibus
1296 1543 1418 1604 fabulae

275 1641 452 1720 tenuerint,
482 1641 521 1704 de
544 1642 659 1724 quibam
682 1641 834 1721 judicant,
867 1663 907 1704 an
935 1662 953 1704 e
979 1642 1089 1704 comici
1118 1646 1195 1708 locis
1224 1646 1417 1726 collegerint,

274 1743 431 1827 quidquid
453 1745 545 1808 certia
567 1767 607 1806 ex
629 1746 768 1808 lontibus
789 1748 935 1808 haustum
956 1764 1135 1826 proponere
1156 1745 1310 1812 ridentur.
1343 1748 1419 1810 Ari·

274 1847 443 1926 atopltanee
466 1867 542 1910 vero
566 1847 741 1926 tragoediae
771 1854 836 1924 ejus
859 1867 915 1910 nec
943 1845 1026 1908 ludis
1049 1847 1211 1912 Charitum
1242 1849 1419 1925 convenire,

147 2029 157 2038 ἱ
275 1968 332 2009 nec
353 1949 524 2012 cantilenae
546 1948 725 2012 hirundinis
747 1949 791 2010 ait
810 1950 880 2012 Pac.
904 1951 982 2012 797:

403 2068 517 2136 τοιάδε
538 2065 600 2157 χρὴ
623 2071 783 2155 Χαρίτων
806 2069 995 2156 δαμώματα
1018 2067 1228 2155 καλλικόμαν

403 2164 467 2238 τόν
490 2167 598 2256 σοφόν
619 2166 764 2257 naturaie

402 2265 547 2357 άμνειν,
568 2269 654 2342 όεαν
673 2270 776 2359 ἠρινά
798 2279 865 2359 μὲν
886 2279 981 2366 φανῇ
1003 2273 1141 2365 χελιδών

401 2375 545 2461 ἑζομένη
569 2378 709 2463 κελαδῇ,
730 2370 831 2466 χορόν
851 2378 886 2446 dl
902 2375 952 2466 μή
974 2372 1029 2468 'xp
1052 2375 1247 2466 Μόρσιμος,

401 2470 489 2561 μὴδε
512 2476 715 2553 Μελάνθιος
739 2503 768 2546 ει.
790 2503 821 2543 a.
842 2479 871 2543 λ.

273 2579 390 2642 Alluait
424 2580 507 2642 enim
546 2579 585 2644 sd
622 2582 793 2646 Stesichori
828 2581 1002 2663 Oreetlam,
1037 2583 1070 2646 in
1105 2605 1167 2666 qua
1201 2585 1277 2644 haec
1311 2593 1417 2643 erent:

281 2674 406 2750 Τοιάδε
431 2675 491 2770 χρὴ
521 2683 682 2767 Χαρίτων
702 2680 894 2768 δαμάμαεα
916 2680 1127 2768 καλλικόμαν
1151 2683 1289 2769 ὑμνεῖν,
1323 2681 1418 2767 Φρό·

273 2806 351 2866 γιον
386 2786 489 2867 μέλος
519 2780 695 2867 ἐξευρόντα
724 2779 835 2871 άβρολα
868 2783 948 2873 ἦρος
980 2788 1219 2875 ἐπερχομένου.
1269 2786 1418 2849 Vernalis

273 2885 370 2964 igitur
391 2887 481 2966 vigor
502 2885 608 2950 deerat
630 2890 664 2950 in
685 2894 750 2967 ejue
768 2889 947 2970 tragoediis.
989 2890 1055 2952 Nec
1077 2910 1152 2952 vero
1173 2890 1262 2951 facile
1284 2888 1419 2966 credam,

277 2987 361 3069 quod
385 2990 532 3070 frigidum
555 2993 656 3073 poe'eie
686 3013 783 3071 genus
806 2991 921 3054 dicitur
942 2991 1131 3054 adhibuisse.
1153 2992 1257 3054 schol,
1278 2991 1319 3054 ad
1338 2993 1419 3054 Ran.

277 3094 355 3153 151:
378 3089 522 3178 ποιητάς
541 3092 673 3182 ψυχρός.
695 3095 802 3177 Equit.
813 3099 886 3158 399.
910 3093 1036 3156 fluide.
1051 3115 1101 3157 vv.
1128 3091 1277 3178 Μόροιμ.
1295 3117 1325 3160 ss.
1340 3095 1419 3158 Με-

274 3189 380 3262 ldae.
422 3197 503 3261 Nam
533 3199 566 3258 in
589 3199 733 3260 omnibus
751 3199 895 3276 tragicis,
927 3218 1062 3280 quorum
1085 3198 1204 3260 fabulae
1225 3217 1290 3264 non
1310 3193 1419 3258 riden-

273 3308 327 3358 tur
356 3301 497 3380 novisse,
532 3303 591 3362 hoc
620 3301 730 3362 vitium
753 3301 942 3362 scholiastae
962 3302 1155 3382 vituperant.
1195 3301 1332 3380 Propter
1354 3317 1419 3358 ms·

275 3420 366 3478 gnam
396 3402 429 3461 in
449 3423 594 3464 versuum
626 3403 766 3464 uulneris
790 3403 949 3465 licentiam
980 3401 1124 3489 άμειρορ
1154 3403 1331 3484 appellatus
1360 3409 1417 3460 eet.
1533 3407 1534 3410 ’

275 3501 380 3564 Schol.
401 3501 440 3564 ad
463 3504 560 3565 Arist.
582 3505 661 3566 Ran.
675 3507 748 3566 803.
792 3502 896 3579 Quare
919 3515 982 3566 tam
1005 3505 1073 3586 ipae
1096 3517 1293 3584 contemptus
1311 3510 1418 3583 poete,

276 3602 380 3665 Schol.
395 3605 462 3682 l.l.,
484 3625 579 3686 quam
602 3608 737 3669 carmina
756 3614 821 3684 ejus
842 3628 902 3688 pro
924 3609 1025 3669 nihilo
1046 3620 1155 3688 putata
1174 3620 1248 3669 eunt
1272 3599 1420 3688 πονηρά,

279 3700 441 3793 μοχθηρά
465 3702 653 3793 ποιήματα.
669 3709 779 3772 -Schol
795 3708 833 3771 ad
850 3709 908 3792 Eq.
922 3713 997 3771 400.
1026 3707 1296 3784 Quemadmodum
1312 3707 1420 3787 igitur,

275 3810 333 3893 qui
354 3811 474 3874 fabulae
493 3811 638 3873 Moreimi
659 3824 745 3890 agat,
773 3814 974 3876 uehementer
1002 3814 1199 3894 increpatum
1227 3811 1272 3874 sic
1302 3829 1420 3886 omnes,

275 3911 331 3994 qui
353 3933 461 3976 versus
484 3915 523 3975 ab
545 3931 583 3975 eo
606 3926 805 3991 snutuentur,
825 3915 1054 3994 Aristophanes
1075 3913 1299 3977 scelestissimis
1320 3907 1421 3974 adnu-

277 4028 374 4078 merat
396 4016 589 4095 hominibus,
616 4017 671 4098 qui
693 4017 831 4098 hospitae
853 4018 1018 4096 laeserint,
1048 4018 1100 4080 vel
1119 4034 1235 4098 pueros
1257 4026 1422 4094 stuprate·

276 4118 356 4196 rint,
387 4120 438 4183 vel
465 4132 578 4182 matres
601 4120 854 4197 verberaverint,
885 4121 936 4182 vel
964 4131 1071 4201 patrea
1091 4117 1317 4180 interfecerint.
1341 4119 1421 4179 Rea.

279 4223 350 4283 145.
393 4223 475 4285 Hinc
495 4223 600 4284 autem
622 4240 686 4282 non
701 4220 829 4302 exiguas
845 4221 1022 4287 fabularum
1039 4221 1175 4284 virtutes
1194 4218 1290 4280 luisse
1304 4221 1423 4302 liquet,

278 4323 394 4382 nemis
415 4338 446 4385 et
469 4327 596 4404 chorum
619 4327 737 4405 accepit
758 4338 791 4388 et
811 4325 985 4388 imitatores
1007 4326 1144 4402 invenit,
1166 4323 1199 4384 in
1222 4341 1302 4404 quoe
1324 4320 1422 4383 comi·

279 4439 332 4482 cus
353 4421 383 4482 h.
405 4424 427 4483 l.
447 4429 560 4489 acriter
578 4427 749 4490 invehitur.
