3044 4982
657 267 704 342 41

102 457 140 520 cf.
161 456 293 520 Naek.
318 454 456 518 Choeril.
480 477 513 538 p.
531 463 564 519 4.
581 453 625 534 ¹),
656 455 850 534 octogesimo.
874 459 984 523 astatis
1005 479 1088 524 anno
1109 482 1179 526 cum
1199 463 1257 528 So·

100 561 214 642 phocle
239 557 454 636 contendisse,
484 577 553 620 cum
577 555 739 636 tragoedia
764 570 814 622 tot
840 560 1069 626 vicissitudines
1097 579 1177 628 esset
1202 589 1257 630 ex·

100 658 215 744 perta?
237 659 355 737 ‘Quod
386 673 471 724 recto
499 661 531 724 N
538 660 680 724 sekius
710 659 850 725 Choeril.
872 685 903 744 p.
925 667 966 728 50
994 678 1095 746 negat.
1146 667 1257 734 Sedis

101 767 308 847 perturbatae
328 765 392 826 loci
413 765 588 828 tententiae
607 769 709 835 lucem
732 767 834 830 evita
848 767 1012 849 Sophoclis
1026 772 1142 854 attulit,
1164 794 1258 856 quam
1294 753 1299 760 ’

101 868 218 932 Suidae
245 869 411 932 debemus:
441 866 647 954 (Σοφοκλῆς)
674 873 823 954 ἔγραψεν
845 870 994 954 ἐλεγείαν
1015 895 1052 938 οι
1074 875 1129 942 καί
1151 877 1258 943 παιᾶ-

100 997 164 1046 νας
186 971 245 1040 ναί
269 971 374 1057 λόγον
391 965 629 1056 καταλογάδην
648 972 724 1054 περὶ
742 974 807 1040 aori
828 975 930 1060 χοροῦ
952 967 1038 1058 sapie
1054 977 1186 1045 Θέσπιν
1200 979 1257 1046 ναὶ

103 1076 270 1161 Χοιρίλον
291 1067 549 1160 ἀγωνιζόμενος.
592 1072 763 1156 Sophocles
792 1074 891 1154 igitur
921 1075 953 1138 in
982 1078 1066 1140 libro
1093 1078 1132 1142 de
1160 1082 1256 1144 choro

102 1197 275 1259 exponens,
298 1175 457 1258 quomodo
477 1177 552 1238 haec
576 1175 809 1254 tragoediarum
831 1197 907 1257 pars
927 1197 986 1258 per
1006 1199 1040 1242 se
1060 1179 1205 1260 fingenda
1226 1196 1258 1247 at

105 1301 175 1342 cum
195 1279 317 1342 actione
338 1279 455 1344 arctius
476 1278 690 1358 conjungenda
711 1291 801 1358 esset,
823 1291 888 1342 tem
908 1280 990 1360 illos,
1011 1283 1067 1364 qui
1084 1283 1179 1364 primi
1197 1289 1258 1350 hoc

102 1402 203 1462 genus
218 1385 393 1460 coluerant,
413 1383 553 1464 Thespia
570 1381 639 1446 dico
656 1396 687 1446 et
701 1383 895 1463 Choerilum,
917 1407 1012 1468 quam
1023 1389 1211 1470 Aeschylum
1221 1401 1258 1452 et

103 1484 288 1568 Euripidem
300 1485 517 1568 reprehendit,
531 1485 618 1568 quod
633 1487 688 1548 ille
701 1487 828 1571 quidem
839 1487 933 1552 nimis
948 1511 1073 1572 magnas
1084 1512 1257 1576 gravesque

107 1592 148 1654 in
166 1603 374 1672 ecenapartes
395 1591 492 1652 choro
514 1588 653 1669 dederat,
674 1592 725 1653 bic
746 1603 850 1654 sutem
873 1593 962 1655 chori
984 1595 1122 1656 carmina
1142 1594 1182 1657 ad
1204 1616 1258 1656 ne·

103 1695 279 1756 cessitatem
300 1695 431 1758 actionis
453 1707 548 1777 atque
568 1695 801 1776 compositionis
826 1715 889 1759 non
912 1697 987 1760 satis
1005 1697 1257 1761 accommodave-

105 1809 188 1858 rat„
213 1798 369 1880 Antiquus
396 1796 494 1877 igitur
522 1798 679 1878 interpres
707 1798 882 1878 pleniorem
908 1798 1039 1880 reliquit
1060 1802 1257 1878 sententiam,

105 1898 251 1981 quamvis
280 1899 443 1961 obscuram
474 1919 509 1960 ac
537 1900 769 1979 perturbatam,
799 1897 865 1962 sive
890 1898 1037 1979 Suidam,
1065 1903 1131 1964 siva
1160 1903 1257 1964 alium

105 2013 267 2065 auctorem
288 2003 330 2064 ob
352 2003 459 2064 oculos
481 2001 602 2064 habuit.
644 2002 688 2064 At
709 2002 737 2064 si
758 2000 970 2065 nobilissimus
990 2011 1086 2084 poeta
1106 2025 1171 2070 non
1193 2017 1256 2068 tam

105 2104 265 2184 ingenium
287 2125 454 2188 moresque
475 2104 510 2166 in
530 2105 669 2186 aemulis,
693 2125 789 2188 quam
809 2125 906 2184 genus
923 2106 1025 2187 poesis
1041 2110 1256 2190 reprehendit,

106 2227 184 2290 quae
207 2207 398 2289 disputavit,
426 2206 468 2271 ad
495 2221 664 2275 sectatores
695 2230 804 2272 eorum
834 2209 1038 2274 nihilomiuus
1065 2214 1255 2290 pertinuisse

107 2323 307 2374 necesseeet.
350 2313 456 2394 Atque
478 2311 523 2390 ie,
548 2331 641 2394 quem
663 2311 837 2376 Scholiasta
858 2315 899 2375 ob
921 2313 1027 2375 oculos
1048 2313 1177 2392 habuit,
1203 2337 1256 2378 cu·

105 2420 218 2499 iusque
246 2413 342 2482 verbs
369 2437 535 2497 perperam
561 2415 698 2496 recepit,
728 2415 985 2496 disceptationem
1006 2415 1093 2480 ittam
1111 2415 1154 2478 ad
1180 2421 1257 2484 artis

107 2519 304 2584 diversitates
325 2521 450 2599 retulit,
475 2539 532 2582 uec
552 2519 591 2582 de
613 2519 768 2600 judiciali,
796 2533 851 2582 aut
872 2520 994 2584 sconico
1018 2519 1187 2584 certamine
1208 2522 1257 2584 vi-

107 2622 152 2686 dit
174 2622 372 2703 cogitandum
395 2643 473 2700 esse.
521 2625 623 2686 Porro
649 2637 757 2688 notam
783 2625 813 2686 ei
837 2625 931 2688 fuisse
953 2623 1133 2705 opinionem
1159 2647 1257 2708 appa·

106 2739 172 2802 ret,
195 2747 236 2790 ex
258 2747 321 2809 qua
339 2727 463 2790 scholae
483 2727 678 2809 principibus
699 2729 887 2808 tragicorum
909 2730 1139 2792 tribuebantur.

194 2828 283 2904 Quae
304 2829 433 2913 quidem
452 2831 591 2893 rationes
610 2832 766 2910 evincunt,
787 2845 822 2896 ut
845 2853 884 2894 ne
906 2831 998 2894 fidem
1022 2833 1143 2896 auctori
1164 2834 1256 2911 hujus

108 2931 360 2996 narratiunculae
383 2933 611 3012 abjudicemus,
632 2955 702 2997 cum
721 2935 798 2997 satis
823 2935 971 3016 antiquus
997 2935 1153 2998 videatur.
1196 2939 1257 3001 Ao·

109 3036 199 3098 cessit
221 3034 392 3114 recentior,
414 3037 486 3119 qui,
507 3057 587 3120 quae
609 3037 789 3114 invenerat,
811 3057 881 3098 cum
903 3057 1016 3116 parum
1038 3038 1256 3117 intellexisset,

107 3153 257 3223 corrupta
283 3141 374 3204 nobis
393 3125 544 3223 reliquit.
595 3141 655 3202 Hic
675 3151 780 3201 autem
801 3139 836 3199 in
858 3150 944 3200 tanta
966 3139 1079 3199 mentis
1099 3141 1256 3218 perversi·

107 3257 171 3308 tate
203 3243 396 3308 locutionem
426 3257 498 3318 cote
527 3243 604 3328 περὶ
634 3239 831 3331 Αἰσχύλον,
863 3253 932 3316 τοῖς
959 3243 1034 3324 περί
1060 3236 1255 3324 Εὐριπίδην

106 3371 169 3414 οσο
195 3348 319 3432 primus
339 3347 500 3425 adhibuit,
521 3369 620 3430 quse,
647 3361 682 3410 ut
704 3345 743 3410 sd
765 3346 813 3409 rei
833 3346 998 3410 veritatem
1019 3345 1178 3425 aptissima
1200 3357 1256 3424 est,

107 3453 151 3516 its
174 3463 332 3514 certamen
353 3471 552 3535 nequequam
573 3449 744 3530 significat,
775 3449 861 3533 qtrod
890 3450 916 3512 is
944 3449 1012 3530 ipse
1041 3450 1101 3512 sibi
1128 3447 1255 3510 finxisse

109 3553 245 3618 videtur.
289 3552 377 3630 erae
396 3554 604 3638 antiquitatis,
625 3555 677 3617 vel
699 3553 859 3617 doctrinae
880 3554 1012 3634 vestigia
1030 3554 1064 3614 iu
1085 3573 1121 3616 eo
1140 3575 1256 3637 neqsra-

109 3681 203 3742 quam
228 3661 449 3742 reperiuntur,
470 3660 527 3743 qui
548 3661 677 3723 alteram
698 3659 793 3723 vitam
815 3657 981 3741 Sophoclis
1000 3657 1132 3739 scripsit.
1174 3657 1255 3720 Nam

110 3763 154 3825 itt
176 3761 427 3847 συνηγωνίσατο
445 3761 482 3829 δὲ
498 3760 657 3850 Λίοχιίλῳ
679 3761 733 3828 ναί
750 3758 924 3847 Ειίριαίιίῃ
950 3761 1004 3826 καί
1030 3759 1177 3840 Χοιρίλῳ
1198 3760 1254 3822 καί

108 3859 262 3952 Ἀριστίᾳ
293 3865 349 3932 ναὶ
378 3861 493 3939 ἄλλοις
515 3865 571 3932 καί
592 3855 749 3948 'lautiora
776 3864 821 3947 epi
843 3857 937 3950 vigi(
957 3861 1051 3924 Errat
1073 3860 1187 3940 igitur,
1221 3869 1255 3919 ut
1291 3875 1294 3880 ·

108 3968 314 4032 Scholiastam
335 3966 614 4032 animadvertimus
636 3987 765 4044 errasse,
789 3964 873 4048 quod
896 3967 1079 4047 lophontem
1101 3962 1201 4024 filium
1221 3960 1253 4019 in

108 4091 241 4136 numero
274 4090 383 4134 eorum
418 4071 544 4152 habuit,
578 4069 728 4136 adversus
760 4087 840 4153 quos
869 4067 1039 4149 Sophocles
1071 4061 1264 4142 disputavit*

109 4173 169 4240 Sed
193 4197 264 4238 cum
287 4196 393 4239 caussa
417 4173 551 4255 erroris,
581 4195 673 4258 quem
701 4185 834 4255 uterque
863 4189 1056 4236 communem
1085 4167 1194 4242 habet,
1222 4167 1255 4226 in

164 4394 211 4466 ·1)
230 4393 361 4450 Similiter
379 4389 533 4448 Athenaeus
552 4393 584 4446 ll.
605 4411 631 4464 p.
649 4397 684 4448 4⁰
709 4388 755 4446 τίν
773 4397 826 4446 τῶν
844 4391 958 4459 naupasia
975 4385 1086 4450 βασιλέα
1104 4385 1255 4460 appellavit.
