3060 5000
786 277 864 352 298

255 468 334 529 bene
351 459 567 546 perspexerit.
608 460 713 539 Quare
734 459 894 545 sequitur,
918 473 972 526 eos
992 460 1172 527 Moschioni
1194 479 1262 525 esse
1282 459 1405 526 adseri·
1517 501 1518 520 t

254 565 429 652 bandos1).
473 565 619 628 Attamen
646 563 708 626 toti
733 585 774 628 ex
795 562 956 645 Euripidis
981 564 1183 646 supplicibus
1206 567 1270 630 523
1298 576 1405 628 trans·

255 673 312 734 lati
336 672 419 734 sunt.
462 667 555 733 Unde
577 667 650 750 quis
671 679 738 745 est,
758 665 816 750 qui
838 665 1060 748 exscripserit?
1102 667 1221 730 Utrum
1241 667 1405 730 Moschio-

160 781 162 789 ‘
256 795 341 851 nem,
360 795 401 836 an
421 774 590 837 stobaeum
612 791 782 849 censemus,
803 782 839 833 ut
859 771 912 832 hic
932 771 1061 834 nomina
1083 775 1202 834 temere
1223 769 1407 834 conffiderit

258 877 393 940 duorum
421 873 607 957 postorum?
653 873 794 956 Tametsi
821 892 886 936 nen
914 872 1043 952 dubim,
1068 873 1147 956 quin
1171 873 1304 954 plurimi
1324 873 1407 935 ¹Sto·

258 979 370 1042 bseum
395 1001 464 1042 cum
484 977 738 1042 sexcentis-locis.
754 977 795 1058 iu¹
808 975 1017 1055 significandis
1038 985 1204 1058 poc'tarum
1223 976 1407 1057 ominibus

259 1101 395 1162 errasse,
425 1084 608 1148 Valckeu.
635 1080 738 1142 Diatr.
765 1089 798 1161 p.
822 1082 901 1158 198,
928 1080 1047 1143 Nask.
1068 1080 1182 1144 Gboer.
1203 1102 1236 1160 p.
1254 1083 1307 1158 79,
1328 1081 1407 1156 160,

258 1197 327 1248 tum
341 1186 562 1248 ,Moschionam
584 1182 635 1262 bic
656 1190 723 1264 pro
739 1180 891 1264 Euripide
921 1183 1066 1248 habuisse
1094 1183 1304 1262 arbitrentur,
1335 1182 1407 1246 sire

258 1289 285 1351 is
303 1289 372 1370 ipse
392 1287 545 1351 memoria
562 1287 669 1368 lapsus
688 1297 747 1363 set,
768 1285 835 1350 sive
857 1285 980 1348 librarii
1001 1284 1150 1350 videntur
1168 1284 1278 1348 mendi
1294 1297 1407 1350 aucto·

259 1395 325 1468 r'cs‘,
354 1403 460 1452 tamen
486 1391 586 1453 talem
602 1386 778 1469 vEuripidis
808 1388 1016 1454 imitativum
1043 1390 1230 1454 Moschioni'
1252 1390 1408 1466 tribuere,

258 1511 353 1575 quam
374 1490 1007 1574 praetersarisimilitudinelnmsndum?
1021 1494 1158 1558 Stobsco
1183 1493 1292 1562 mulius
1315 1493 1406 1572 inge·

251 1616 340 1658 rem.
382 1597 466 1660 Nam
486 1604 557 1660 dum
577 1594 901 1680 obscuroslqooedem
922 1612 958 1660 no
980 1614 1093 1680 parum
1120 1597 1241 1660 nobiles
1266 1607 1408 1658 tomme-

259 1719 430 1779 moramus,
446 1701 479 1762 in
499 1709 683 1780 memorum
699 1701 884 1767 *memoriam
906 1701 1068 1765 hominum
1084 1707 1183 1782 'saepe
1204 1699 1408 1776 incumimus,

259 1825 330 1866 cum
352 1822 601 1868 nomannorum
621 1803 791 1869 admodum
810 1805 855 1868 sit
882 1806 1006 1870 illustre
1026 1806 1114 1888 iique
1135 1809 1262 1884 semper
1280 1815 1311 1864 et
1332 1803 1410 1864 ubi-

259 1929 323 1991 que
345 1909 442 1971 nobis
470 1921 541 1972 ante
571 1910 678 1972 nudus
706 1920 880 1973 versentur.
914 1910 973 1971 .At
999 1929 1064 1991 qua
1090 1908 1212 1970 ratione
1230 1905 1410 1982 ‘Stobnoum

260 2026 393 2092 quassu,
411 2012 569 2074 ‚venitm
590 2010 751 2092 Euripidis
781 2009 962 2092 apposuisse
980 2022 1112 2090 putatur
1131 2009 1326 2072 Moschiouis
1348 2025 1408 2069 no·

261 2133 343 2192 mun,
363 2135 435 2175 cum
454 2114 506 2177 bic
529 2113 668 2178 eruditis.
684 2123 807 2176 tentum
832 2112 1024 2192 bominibus,
1042 2114 1097 2175 ille
1119 2113 1338 2195 uero'ctriqne'
1355 2114 1409 2172 ba·

260 2219 326 2295 julo
358 2215 553 2282 enotuissct?
605 2216 710 2296 Quare
742 2219 781 2280 ab
812 2215 948 2300 aliorum
975 2217 1147 2296 sententis,
1178 2216 1206 2280 si
1238 2237 1319 2299 quae
1351 2225 1410 2292 est,

261 2340 355 2402 quam
386 2323 540 2400 probant,
572 2318 966 2402 longissimerecsdimns.
1015 2319 1097 2382 Nam
1122 2319 1199 2392 talis
1223 2317 1409 2380 imitationis

262 2425 406 2504 exempla
428 2445 565 2507 nequeo
585 2424 782 2506 principibus
796 2422 988 2502 tragicorum
1005 2421 1152 2500 devitata,
1172 2439 1308 2503 quorm
1326 2420 1408 2482 alius

262 2525 358 2587 alium
381 2525 564 2606 exscripsit,
594 2547 695 2609 usque
717 2526 817 2590 abiis
839 2546 905 2590 csse
928 2525 1058 2606 depulsa
1088 2535 1228 2602 constat,
1256 2523 1408 2606 quisunt

263 2629 396 2690 insecuti
411 2640 542 2690 aetatem
557 2627 729 2708 Euripidis.
771 2628 942 2690 Boeckh.
963 2630 1016 2690 Pr.
1032 2629 1087 2691 Tr.
1103 2628 1160 2692 Gr.
1179 2678 1183 2686 .
1202 2625 1288 2703 Quid
1309 2626 1409 2704 igitur

264 2734 323 2794 hoc
334 2732 524 2794 miremurib
533 2730 793 2812 Moschione‚·qui
801 2731 1015 2812 'atTelepbum
1024 2728 1064 2792 ad
1075 2729 1236 2812 Euripidis
1246 2729 1410 2809 exemplet·

263 2835 407 2915 adduxit,
429 2848 580 2918 utsupra
602 2833 772 2913 docuimus,
794 2843 832 2898 at·
844 2837 943 2898 multa
960 2855 1087 2918 quoque
1106 2835 1219 2896 bacin
1232 2833 1348 2894 -iubula
1370 2824 1410 2894 e'x

263 2937 466 3021 supplicibus
478 2937 640 3020 Euripidis
651 2938 795 3020 sumpsit.
829 2938 875 3003 Ut
887 2938 972 3000 enim
981 2935 1150 3018 Euripides
1160 2936 1294 3018 prinam
1306 2939 1410 2999 homi·

263 3064 341 3106 num
362 3040 573 3106 conditionem
587 3043 696 3106 ieram>
710 3040 902 3124 eundemque
925 3043 964 3104 ab
982 3041 1070 3124 omni
1084 3041 1170 3102 cultu
1185 3039 1335 3122 omnique
1351 3042 1410 3102 bu-

264 3147 414 3210 msnitute
434 3149 546 3228 procul
567 3155 720 3209 remotam
737 3144 832 3208 luisse
852 3145 912 3223 ait,
932 3144 1074 3226 Supplic.
1095 3146 1177 3223 2003
1198 3144 1243 3207 sic
1262 3145 1408 3206 Moschis

264 3249 473 3314 conditionem
485 3249 774 3332 antiquissimorum
785 3246 947 3314 homiuum
959 3246 1099 3330 exponit,
1119 3267 1307 3329 quaparum
1321 3259 1411 3310 aute·

265 3353 415 3416 cesserint
433 3352 590 3438 hasmet),
632 3353 737 3431 Eclog.
752 3353 847 3434 Pbys.
860 3351 882 3412 1.
895 3349 917 3412 l.
961 3347 1148 3433 Queuquasr
1162 3351 1411 3421 bonosententia

337 3586 368 3657 1)
388 3586 458 3641 Cum
476 3589 595 3660 primum
612 3587 748 3662 exemplar
766 3588 875 3644 Stobaei
901 3589 934 3643 ad
956 3585 1102 3644 editionem
1121 3585 1270 3642 Gesneri
1294 3602 1409 3658 compa-

267 3685 355 3730 ratum
370 3675 555 3747 adhibuissem,
574 3679 603 3732 in
621 3697 677 3751 quo
693 3697 749 3734 non
768 3699 864 3735 omnes
881 3679 1021 3752 scriptoris
1037 3689 1126 3751 partes
1138 3675 1330 3743 invenirentur,
1346 3695 1410 3730 mox

267 3764 340 3820 aliud
362 3765 548 3835 contulissem,
572 3769 645 3840 quod
664 3779 690 3824 el
701 3765 864 3824 'stabant-et
883 3767 994 3826 Antonii
1010 3779 1038 3824 et
1055 3766 1165 3825 Matimi
1182 3784 1265 3838 opera
1283 3783 1411 3838 compre-

269 3855 407 3926 henderet,
427 3855 572 3912 editionem
589 3859 795 3914 Tauchnitii
813 3871 908 3914 nactus
924 3858 972 3914 boa
983 3877 1080 3934 ,tereus
1096 3857 1248 3914 Moschion
1266 3876 1282 3910 a
1300 3855 1410 3908 novissi·

268 3947 319 4001 mis
337 3946 388 4000 uidi
406 3946 554 4002 editoribus
569 3959 642 4002 recte
660 3949 796 4022 assignari.
832 3949 903 4004 Vide
925 3945 1150 4003 Welckerum
1174 3945 1220 4014 Tr.
1245 3943 1294 3998 Gr.
1317 3943 1349 3996 P.
1369 3942 1411 3995 tlt.

287 4039 392 4090 ΑΜΕ).

267 4054 284 4106 p
340 4126 369 4194 2)
387 4125 459 4181 Haec
477 4125 586 4199 quidem
603 4121 747 4195 sententia,
761 4107 804 4182 cui
822 4127 896 4200 quod
914 4127 1103 4198 comparemus
1118 4122 1203 4178 nostri
1217 4120 1344 4176 homines
1356 4138 1412 4174 non

268 4214 303 4268 ita
322 4215 413 4270 multis
431 4227 502 4272 certe
520 4217 598 4271 annis
618 4227 679 4272 ante
702 4217 773 4274 banc
790 4227 904 4273 aetatem
923 4217 973 4271 sibi
991 4214 1121 4271 invenisse
1140 4211 1315 4278 videbantur,
1341 4207 1413 4280 apud
1517 4223 1518 4288 t

269 4301 389 4358 Graecos
407 4304 471 4358 olim
490 4317 552 4360 nata
571 4314 597 4360 st
614 4306 782 4379 frequentata
800 4305 834 4360 ad
852 4305 989 4361 Romanos
1006 4312 1169 4360 manaverat.
1206 4299 1250 4354 De
1268 4315 1321 4370 qua
1341 4307 1413 4352 recte

272 4389 488 4452 Niebuhr-ius
505 4393 570 4449 niu.
588 4395 668 4452 Rosm
688 4395 707 4450 l.
725 4413 752 4468 p.
769 4399 804 4451 Μ
822 4395 955 4466 judicario
1022 4387 1025 4394 ¹
