3044 4982
803 285 852 358 46

258 479 398 546 servavit
417 475 587 558 tragoediis
607 475 753 558 Aeschyli
775 471 923 537 ducendis
944 487 976 536 et
999 495 1097 538 novas
1123 473 1192 554 ipse
1215 477 1411 553 praeclaras-

261 607 322 668 que
346 581 521 663 tragoedias
541 580 650 644 iecisse
673 580 830 662 putandus
852 591 910 642 ert.

347 687 404 747 Est
431 707 528 749 unum
551 686 763 766 Euphorionis
792 687 1018 764 fragmentum,
1045 681 1132 766 quod
1155 694 1289 764 propter
1310 684 1411 746 libro-

261 809 334 852 rum
353 787 596 871 discrepantiam
618 789 650 851 in
667 790 875 870 suspicionem
895 787 1003 850 vocari
1023 789 1114 849 solet.
1156 787 1304 866 Legimus
1325 787 1410 850 enim

260 889 344 972 apud
367 893 466 956 Clem.
487 894 579 955 Alex.
600 891 717 954 Strom.
739 895 782 955 V.
802 914 836 974 p.
856 894 938 954 603:
978 884 998 957 ὅ
1027 913 1065 956 se
1094 883 1295 976 Εὐφορίων,
1323 887 1343 959 ὅ
1373 917 1411 958 re

259 993 432 1085 Αἰσχύλος
453 995 509 1063 iai
532 999 596 1064 σού
616 1000 704 1065 θεοῦ
724 999 856 1080 οσμνύς
876 987 1004 1080 σφόδρα
1027 994 1146 1080 φησίν·

346 1095 437 1173 Ζεύς
459 1103 554 1166 ἐστιν
576 1094 706 1184 riddo.
727 1092 824 1174 Ζεύς
847 1097 883 1164 δὲ
903 1097 967 1182 γῆ,
989 1089 1080 1171 Ζεύς
1098 1088 1131 1163 δ’
1143 1089 1302 1183 οὐρανός·

346 1194 438 1272 Ζεύς
458 1222 512 1265 σοι
533 1193 576 1266 οὐ
600 1197 737 1292 πάντα,
757 1197 837 1288 χῶτι
857 1191 959 1268 τοῖνδ’
974 1191 1173 1285 ὑπέρτερον.

262 1298 355 1388 Quod
377 1301 606 1384 Sylburgius
627 1302 696 1384 ipse
713 1323 785 1365 cum
801 1302 920 1382 scribit,
941 1322 1005 1364 non
1021 1302 1121 1364 libros
1135 1300 1242 1366 deesse
1263 1312 1409 1381 testator,

264 1405 321 1486 qui
342 1399 565 1491 Εὐφορίωνος
590 1403 762 1495 Αἰσχύλος
790 1407 934 1468 babeant.
983 1402 1087 1482 Quare
1115 1406 1191 1468 Jos.
1220 1404 1409 1485 Scaliger

263 1505 402 1583 Coniect.
435 1507 470 1568 in
492 1509 631 1570 Varron.
665 1529 699 1590 p.
721 1511 764 1570 30
795 1509 853 1572 bos
883 1527 992 1570 sersus
1024 1507 1138 1569 tribuit
1168 1508 1341 1590 Aeschylo,
1372 1520 1409 1569 ut

261 1606 470 1686 Stnnlejus
491 1610 526 1671 in
550 1609 671 1672 Comm.
689 1609 729 1672 ad
750 1612 860 1674 Aescb.
882 1610 951 1673 Vit.
972 1631 1023 1691 ap.
1037 1607 1153 1672 Schiite
1171 1611 1208 1671 T.
1219 1611 1261 1672 V.
1280 1630 1312 1689 p.
1323 1609 1409 1670 Vlll.

263 1705 339 1776 des
358 1707 580 1798 Εὐφορίωνος
600 1706 775 1800 Αἰσχύλος
798 1734 858 1795 pru
879 1714 1006 1792 vulgata
1027 1713 1090 1792 legi
1110 1713 1208 1790 jubet.
1250 1709 1311 1774 Sed
1332 1712 1412 1774 mihi

262 1813 340 1875 haec
371 1815 464 1876 lectio
497 1813 633 1876 maxime
664 1813 818 1895 displicet.
875 1815 958 1877 Nam
990 1813 1068 1897 quid
1100 1833 1224 1876 causus
1255 1812 1412 1874 Clementi

263 1915 358 1978 luisse
384 1916 559 1995 existimes,
586 1937 642 1978 cur
663 1936 760 1996 genus
782 1917 931 1998 Aeschyli
952 1917 1102 1979 hocloco
1123 1912 1326 1993 significaret,
1355 1913 1411 1974 ubi

264 2018 376 2097 tragici
397 2039 506 2082 versus
527 2015 717 2080 laudantur?
760 2020 800 2082 Et
817 2020 845 2081 si
862 2021 921 2080 hoc
942 2019 1054 2082 inutile
1075 2017 1234 2080 doctrinae
1255 2014 1412 2096 specimen

265 2119 358 2180 edere
383 2120 551 2197 voluisset,
583 2140 681 2200 quare
712 2141 809 2199 genus
838 2120 1034 2182 celeberrimi
1062 2128 1173 2200 poetae
1199 2130 1271 2178 ante
1296 2135 1410 2180 nomen

264 2222 438 2302 appellasse
474 2219 660 2284 videretur?
714 2222 929 2284 Nihilominus
971 2223 1157 2305 scripturam
1194 2219 1411 2304 Sylhurgii

265 2325 501 2400 contemnimus,
523 2346 603 2406 quae
614 2323 769 2404 originem
782 2326 887 2388 mendi
899 2325 1130 2409 quodammodo
1143 2324 1290 2388 declarat.
1329 2325 1410 2388 Nam

265 2427 418 2504 Clemens,
441 2427 564 2508 opinor,
587 2428 679 2490 initio
700 2425 771 2496 ὅτε
789 2424 974 2518 Εὐφορίων
995 2431 1172 2512 scripserat.
1214 2433 1295 2493 Tum
1309 2431 1411 2492 eurio-

265 2550 317 2592 sus
343 2531 455 2606 homo,
487 2528 544 2609 qui
571 2529 691 2593 lahulas
712 2533 860 2615 Aeschyli
882 2537 921 2596 ab
943 2535 1148 2615 Euphorione
1170 2531 1276 2596 doctas
1298 2553 1412 2613 cogno·

264 2644 371 2710 serat,
393 2630 426 2692 in
447 2631 585 2710 margine
606 2631 681 2694 libri
702 2637 849 2715 apposuit
871 2632 890 2702 ὅ
913 2662 949 2701 rs
966 2630 1154 2723 Αἰσχύλος,
1175 2634 1306 2716 perinde
1326 2657 1362 2698 sc
1383 2637 1412 2697 εἰ

266 2745 376 2798 cuncta
403 2733 551 2814 Aeschyli
581 2732 703 2814 forent,
734 2759 815 2820 quae
842 2740 1039 2822 Euphorioni
1065 2741 1159 2818 vulgo
1186 2740 1412 2802 tribuerentur.

263 2837 305 2898 Et
326 2836 432 2918 primo
460 2833 592 2897 fortasse
622 2833 640 2903 ὅ
669 2863 707 2905 sa
726 2831 911 2927 Εὐφορίων
931 2837 949 2909 ὁ
971 2837 1145 2930 Αἰσχύλου
1173 2843 1322 2923 scriptum
1353 2854 1412 2919 est,

265 2940 352 3025 quod
373 2938 424 3003 vel
445 2936 565 3016 levites,
588 2941 638 3002 vel
659 2940 770 3006 similis
791 2945 993 3008 librariorum
1017 2965 1108 3008 error
1129 2947 1280 3027 corrupit.
1323 2942 1412 3021 Quae
1519 2954 1520 2969 ¹

265 3045 347 3108 ratio
369 3056 518 3125 praestat,
541 3045 616 3127 quia
637 3067 733 3126 genus
753 3049 968 3132 Euphorionis
989 3050 1147 3112 nominari
1168 3049 1310 3128 debehat,
1335 3061 1371 3110 ut
1393 3069 1412 3109 a

265 3144 463 3210 Chalcidensi
484 3148 562 3209 bene
584 3148 840 3228 distingueretur.
884 3151 972 3229 Quae
989 3152 1117 3236 quidem
1135 3154 1163 3216 si
1178 3149 1411 3236 quodammodo

266 3261 351 3312 certa
368 3248 527 3326 videntur,
548 3248 632 3310 filius
646 3252 794 3335 Aeschyli
816 3252 990 3316 doctrinam
1012 3254 1224 3338 Orphieorum
1247 3254 1286 3316 de
1308 3255 1341 3319 vi
1361 3275 1412 3316 re·

266 3353 313 3430 gis
341 3349 471 3410 deorum
498 3350 723 3433 hominumque
753 3355 785 3416 in
817 3376 908 3419 scena
936 3359 1096 3439 professus
1125 3371 1188 3436 est,
1217 3357 1349 3420 Aristot.
1371 3357 1410 3420 de

265 3446 378 3512 Mund.
400 3454 439 3513 7.-
473 3451 656 3515 Brendis.
676 3456 759 3518 Hist.
779 3460 837 3520 Ph.
864 3461 901 3522 T.
922 3462 947 3522 l.
968 3485 1001 3545 p.
1021 3466 1079 3541 63,
1114 3461 1272 3543 adquam
1294 3464 1413 3524 Demo·

266 3552 363 3614 critus
383 3551 515 3632 insignis
540 3555 764 3638 philosophus,
796 3563 852 3644 qui
873 3565 954 3628 circa
982 3563 1032 3629 Ol.
1056 3568 1096 3626 88
1125 3563 1249 3642 floruit,
1277 3566 1411 3643 Diogen.

265 3653 302 3716 L.
322 3655 379 3733 lX,
401 3657 433 3719 9.
480 3655 579 3720 Clam.
608 3660 699 3724 Alex.
726 3665 888 3764 Protrept.
920 3693 952 3751 p.
974 3673 1028 3733 4⁵.
1081 3667 1343 3748 Papencordt
1372 3666 1412 3730 de

265 3758 370 3820 Atom.
383 3758 494 3822 Doctr.
510 3758 599 3839 Spec.
610 3764 636 3824 l.
657 3787 691 3846 p.
701 3770 744 3829 69
760 3783 818 3833 etc.
840 3773 956 3856 aliique
972 3771 1094 3838 reversi
1108 3783 1193 3833 sunt.
1235 3769 1319 3835 Vide
1338 3771 1356 3831 J
1362 3791 1412 3832 os.

266 3857 415 3938 Scalig.
436 3859 573 3937 Conject.
594 3864 629 3926 in
651 3868 789 3935 Varron.
810 3874 833 3935 l.
853 3876 877 3937 l.

351 3963 572 4027 Philocles.
615 3970 770 4036 Philocles
782 3975 811 4060 1)
828 3977 1036 4058 Atheniensis,
1050 3988 1145 4059 pue'ta
1162 3975 1308 4056 tragicus,
1322 3973 1414 4038 Suid.

267 4086 292 4129 s.
308 4088 339 4130 v.
363 4068 528 4150 Φιλοκλῆς
549 4105 593 4118 --
613 4067 801 4160 Ἀθηναῖος
821 4079 992 4165 τραγικός,
1012 4083 1130 4146 sororis
1150 4080 1234 4142 lilius
1255 4078 1414 4160 Aeschyli,

267 4168 448 4250 Philopithe
480 4185 588 4253 natus,
620 4175 725 4241 Schnl.
752 4179 791 4244 ad
814 4182 976 4266 Aristopb.
1005 4189 1065 4252 Av.
1086 4188 1150 4248 282
1183 4180 1347 4265 Φιλοκλῆς
1369 4215 1414 4240 -ν-

272 4309 536 4326 Ἠ

340 4382 373 4452 1)
388 4383 432 4441 De
448 4387 499 4442 alia
517 4390 635 4445 nominis
653 4392 741 4450 forma
758 4395 875 4470 longiori
893 4405 1070 4479 Reisigius
1087 4403 1210 4475 Coniect.
1229 4423 1257 4474 p.
1275 4405 1319 4456 ⁶²·
