3076 4998
792 304 864 376 166

261 493 360 570 Quem
383 511 467 569 rem,
490 512 557 557 curu
583 491 629 554 vis
655 499 857 572 potestasque
879 488 1021 554 vocabuli
1041 490 1174 571 ιιομᾶυ,
1195 491 1298 574 qualis
1318 491 1402 572 apud

260 596 501 676 Aristophanem
530 592 732 656 multifariam
764 590 917 669 occurrit,
948 602 980 652 ut
1002 592 1061 653 Δτ.
1086 593 1180 652 1282.
1222 593 1305 656 Nub.
1331 597 1406 658 nst.

259 698 342 760 Plot.
365 698 437 774 170,
458 697 532 760 ota.
575 697 674 776 Vesp.
698 697 791 771 1368,
816 707 883 758 tum
902 693 1075 756 Scholiasta
1095 694 1258 776 Aristoph.
1279 695 1319 758 ad
1346 698 1407 781 Eq.

262 802 324 863 577
339 798 495 862 illustrat:
516 799 655 881 κομῶσι,
675 799 837 882 τρυφῶσι,
856 797 1052 862 πλουτοῦσι.
1073 793 1113 861 τὸ
1130 788 1198 880 ydp
1218 798 1332 881 ιιομιὶυ
1348 801 1404 865 tat

262 903 324 969 τοῦ
346 903 477 984 τρυφᾶν
498 899 628 985 λέγεται
651 899 704 966 sul
726 900 942 983 μαυροῦσθαι
963 898 1018 964 soi
1042 896 1130 982 μέγα
1155 912 1303 982 φρονεῖν.
1344 902 1406 962 lta·

263 1025 324 1086 que
346 1023 396 1065 res
418 1002 562 1083 antiques
585 998 625 1066 ad
646 999 742 1062 alium
765 999 847 1064 vitae
869 1018 968 1076 usum,
993 1015 1086 1079 quem
1103 1000 1291 1064 recentiores
1308 1002 1406 1064 sectati

262 1117 345 1183 sunt,
367 1107 478 1170 relatas
498 1102 628 1181 judicari
650 1103 733 1164 fecit.
775 1101 891 1165 Severa
913 1100 1040 1185 quidem
1061 1102 1266 1164 Archemachi
1285 1102 1406 1165 eadem·

263 1231 324 1291 que
346 1208 539 1272 ferocissimo
563 1205 712 1268 Curetum
732 1205 852 1286 populo
875 1203 968 1284 digna
990 1203 1128 1265 narratio
1150 1204 1219 1284 tuit,
1241 1225 1309 1267 cum
1331 1225 1407 1287 pro·

262 1325 335 1392 pter
354 1310 457 1393 ipsum
479 1310 555 1372 belli
573 1329 662 1371 usum
680 1307 825 1370 dicantur
843 1307 972 1386 capillos
986 1305 1164 1368 resecuisse.
1208 1308 1312 1368 Multo
1326 1310 1407 1370 mol·

224 1383 235 1406 '
263 1414 334 1492 lius,
356 1412 440 1496 quod
464 1413 587 1492 Agatho
611 1412 710 1492 tingit.
751 1412 832 1474 Nam
856 1409 984 1474 Curetes
1007 1421 1139 1490 propter
1160 1412 1314 1492 repulsam
1335 1431 1406 1472 mu·

262 1514 410 1577 lierculae
432 1514 464 1576 in
489 1515 641 1578 maximoe
662 1516 764 1578 luctus
784 1511 926 1576 incidunt
948 1513 1157 1595 abjiciuntque
1179 1515 1288 1594 longos
1309 1515 1406 1594 capil-

263 1617 322 1694 los,
342 1617 630 1698 Wyttenbach.
652 1613 691 1678 ad
712 1617 793 1678 Plat.
814 1614 929 1678 Phaed.
951 1637 983 1695 p.
1003 1618 1077 1692 235,
1099 1633 1178 1697 quos
1198 1616 1407 1698 antiquissimi

263 1717 379 1780 milites
394 1720 515 1800 insigne
532 1718 623 1782 decus
638 1721 823 1782 habuerant.
866 1719 986 1780 Verum
1001 1717 1166 1797 imaginem
1179 1715 1303 1780 delicati
1317 1721 1409 1800 proci

262 1819 308 1882 ita
337 1822 485 1900 perfecit,
518 1822 725 1903 omnibusque
755 1819 845 1882 lineis
875 1819 1019 1882 absolvit.
1069 1819 1178 1902 Itaque
1202 1820 1236 1880 in
1265 1821 1408 1901 personis

264 1921 429 2001 imaginem
452 1923 706 2001 Atheniensium,
729 1923 836 2005 quales
859 1935 926 1986 tum
950 1933 1053 1999 erant,
1080 1943 1291 2005 magnamque
1307 1925 1408 1987 molti·

264 2023 338 2086 tiern
361 2027 479 2106 ingenii
502 2049 537 2088 ac
559 2047 681 2088 morum
703 2024 874 2105 expressit,
905 2045 1000 2108 quam
1023 2037 1054 2086 et
1077 2025 1144 2106 ipse
1166 2024 1296 2106 plurimi
1315 2025 1407 2087 facie·

263 2125 316 2188 bat
342 2138 372 2189 et
396 2138 586 2206 spectatores
608 2124 720 2207 cupide
741 2126 931 2205 expetebant
953 2124 991 2211 ¹).

348 2229 559 2294 Nihilominus
581 2228 720 2292 ostendit
742 2227 899 2311 quendam
918 2249 1054 2292 amorem
1077 2230 1221 2311 publicae
1243 2230 1408 2308 libertatis,

264 2330 408 2414 bonaque
431 2334 514 2396 vitae
537 2346 704 2416 praecepto
726 2334 907 2414 fragmentis
930 2332 1177 2411 commendavit,
1205 2353 1286 2416 quae
1314 2334 1406 2395 nobis

264 2443 387 2492 servata
416 2447 498 2496 sunt.
549 2436 604 2497 Est
634 2435 716 2498 enirn
743 2438 813 2500 leve
841 2437 926 2499 itttus
956 2436 1107 2500 indicium
1131 2437 1215 2519 apud
1243 2437 1405 2517 Aristoph.

263 2529 452 2614 Thesmoph.
473 2540 546 2612 101,
567 2537 622 2619 qui
644 2538 727 2600 hunc
748 2539 823 2600 talia
847 2551 1006 2601 canentem
1029 2540 1061 2602 in
1084 2559 1205 2600 scenam
1226 2537 1362 2600 inducit:

434 2629 529 2718 tassia
551 2637 709 2724 χθουίιιις
730 2631 909 2723 δεξάμενοι

432 2737 599 2820 λαμπάδα
620 2739 738 2824 ιιοῦροιι
758 2735 821 2816 ξύν
844 2741 1003 2828 ἐλευθέρᾳ

433 2837 569 2922 πατρίδι
589 2834 815 2926 χοριιλσιισθαι
837 2840 938 2925 ducite
1030 2890 1033 2902 .

265 2933 449 3020 Quanquam
473 2940 527 3004 vix
550 2939 629 3002 illud
653 2962 692 3002 ex
711 2943 761 3004 his
783 2941 909 3006 videtur
932 2944 1035 3025 colligi
1057 2963 1162 3025 posse,
1185 2944 1268 3028 quod
1290 2944 1408 3026 Grup-

263 3041 350 3122 pius
372 3043 480 3108 Ariad.
501 3067 533 3125 p.
552 3046 615 3108 716
640 3044 753 3124 effecit,
777 3046 952 3126 tragoedias
975 3051 1039 3124 ejus
1060 3048 1093 3110 in
1114 3047 1259 3110 laudibus
1279 3048 1407 3110 liberta·

264 3145 303 3208 tis
324 3146 490 3212 efferendis
511 3149 646 3214 maxime
668 3169 733 3212 esse
756 3161 904 3214 versatas.

348 3252 383 3312 ln
405 3253 567 3314 sententiis
588 3252 696 3314 habuit
720 3254 855 3336 aliquam
879 3251 1039 3334 Euripidis
1060 3250 1310 3329 similitudinem,
1330 3261 1408 3332 pr‘o·

262 3363 371 3432 pterea
393 3354 479 3436 quod
498 3376 550 3418 eas
571 3374 635 3418 non
656 3355 700 3416 ita
721 3358 897 3437 proposuit,
920 3352 1180 3440 quemadmodum
1196 3375 1237 3418 cx
1250 3353 1407 3416 commoni

262 3454 344 3516 uitae
368 3476 424 3518 usu
444 3458 565 3521 hauriri
583 3458 823 3543 proverbiisque
846 3457 1061 3527 commendari·
1079 3469 1211 3538 coeptae
1231 3469 1331 3536 erant,
1352 3455 1407 3520 sed

266 3600 548 3614 Ἣ

331 3686 363 3758 1)
380 3687 453 3744 inter
470 3692 553 3745 animi
578 3696 806 3765 perturbationes,
833 3696 871 3750 rei
892 3696 1017 3761 affectus,
1045 3713 1113 3767 quos
1133 3691 1296 3746 recentiores
1314 3691 1409 3760 potue

176 3785 186 3794 “
260 3795 366 3830 movere
390 3779 548 3848 studebant,
573 3782 706 3856 insignem
731 3786 822 3840 iocum
845 3786 938 3840 babuit
963 3782 1076 3837 miratio.
1112 3781 1202 3850 Quam
1227 3798 1291 3834 cum
1313 3775 1410 3830 vellent

259 3863 380 3932 excitam,
399 3886 441 3922 res
457 3868 492 3924 ita
511 3870 690 3941 instituerunt,
716 3887 746 3930 ut
764 3875 847 3933 multa
866 3885 971 3948 praeter
989 3869 1246 3945 verisimilitudinem
1263 3879 1345 3938 atque
1363 3885 1409 3920 er-

259 3956 449 4026 spectationem
470 3959 591 4017 omnium
611 3962 771 4017 acciderent,
809 3963 890 4031 Quod
916 3960 987 4016 haud
1012 3959 1092 4012 dubie
1118 3953 1221 4032 Agatho
1242 3963 1409 4010 consectatus

258 4051 311 4108 cst3
336 4063 398 4097 narn
418 4065 460 4118 ap.
481 4047 589 4102 Aristot.
607 4049 682 4102 Rhet.
702 4052 735 4114 ll,
754 4055 789 4104 st
807 4051 899 4103 docet:

424 4131 525 4200 τοῖχίλν
542 4157 583 4194 τις
602 4135 668 4196 riade
687 4135 753 4189 udrd
771 4133 845 4189 τοῦτ’
857 4131 921 4190 εἶναι
940 4139 1023 4204 λλγοι,

424 4227 544 4292 βροτοῖσι
561 4223 646 4276 πολλιλ
663 4223 799 4292 τυγχάνειν
819 4221 864 4278 asin
883 4223 978 4279 ιίκὸτα.

256 4302 286 4352 ln
305 4323 359 4372 quo
378 4310 464 4376 potnit
481 4310 635 4382 Euripidem
654 4313 760 4366 imitari.
799 4315 866 4368 Vide
885 4317 941 4385 ejus
958 4313 1055 4370 Alcest.
1075 4314 1154 4379 tt‘to,
1176 4309 1307 4364 Androm.
1324 4310 1406 4373 taut,

257 4387 354 4442 Bacch.
373 4395 451 4462 test,
470 4395 561 4451 Helen.
579 4402 657 4469 tohu,
677 4400 748 4455 Med.
769 4406 845 4458 1466.
1237 4399 1241 4408 “
