3076 4998
812 331 882 404 176

273 522 366 584 suinae
388 517 502 596 tradit,
528 516 583 582 aed
605 515 842 580 admirationem
863 527 957 598 atque
979 513 1226 595 indignationem
1249 524 1421 586 eommovit

272 625 305 686 in
334 625 495 686 hominum
524 624 652 700 animia,
683 633 718 684 ut
741 623 780 682 ab
810 639 848 681 eo
878 619 1089 682 mollissimam
1114 624 1308 688 nominarint
1327 627 1421 688 tibia-

272 747 343 791 rum
366 727 561 788 tantilennm.
603 725 685 788 Nem
705 725 739 786 in
764 722 941 804 proverbiis
962 723 1081 784 locutio
1100 719 1334 808 ’Ayoda'roatoc
1356 725 1422 794 mi.

273 833 366 916 λησις
387 829 464 908 tuit,
495 827 580 912 qnod
609 828 663 890 eiii
691 826 784 888 aliter
809 821 1006 904 intelligunt,
1039 845 1107 888 oum
1129 846 1236 890 omnen
1259 829 1420 909 ingenium

273 943 384 1016 potitae
412 952 578 1014 moresque
608 933 648 992 ab
676 929 887 1010 Ariatophane
920 928 1083 1007 castigatae
1115 929 1228 1008 magia,
1262 951 1356 1014 quam
1385 932 1420 995 id

273 1041 377 1121 ipsum
406 1037 557 1097 heberent
589 1033 764 1114 cognitum,
795 1029 879 1114 quod
910 1031 944 1094 in
974 1043 1065 1094 cantu
1095 1035 1160 1108 ejua
1189 1036 1354 1116 proprium
1383 1055 1419 1096 ac

273 1142 429 1220 singulare
450 1142 563 1202 iuerat.
605 1138 740 1219 Hnaych.
761 1157 786 1204 a.
807 1157 839 1204 t.
860 1128 1080 1221 ’Aradaiauor
1102 1134 1245 1218 αὔλησιν
1266 1132 1330 1221 τήν
1349 1163 1420 1222 μα-

275 1241 392 1328 λακή-ν.
435 1236 601 1325 Ἀγάθων
629 1235 694 1324 μὶρ
722 1233 740 1305 ὁ
768 1233 926 1324 τραγικὸς
953 1238 1009 1304 tot
1038 1235 1190 1326 μαλακίᾳ
1212 1237 1420 1325 διεβάλλετο.

273 1345 366 1426 Quod
389 1347 415 1409 ie
437 1345 574 1426 optime,
606 1344 680 1425 quia
707 1345 840 1404 verbum
862 1340 1045 1404 nominatim
1068 1340 1108 1402 ad
1130 1354 1272 1405 nostrum
1292 1355 1420 1424 poetam

272 1451 380 1512 refert.
425 1446 592 1527 Copioaiua
612 1465 690 1508 vero
705 1443 817 1508 Suidaa
836 1464 861 1506 a.
875 1463 906 1506 v.
928 1443 1172 1524 interpretatur:
1190 1441 1421 1530 ’Ayndoiveeoc

274 1549 413 1636 αὔλησις
433 1544 456 1633 ἡ
477 1541 614 1630 μαλακὴ
634 1547 692 1614 eoi
712 1547 934 1630 ἐκλελυμένη,
962 1539 984 1630 ἢ
1005 1543 1028 1628 ἡ
1049 1543 1138 1630 μήτε
1159 1541 1306 1635 χαλαροὶ,
1329 1542 1420 1632 μήτε

274 1647 397 1737 πικροὶ,
418 1646 490 1719 ἀλλ’
501 1645 663 1731 εὔκρατος
682 1651 738 1716 ani
760 1646 888 1734 ἡδίστη.
930 1646 1045 1709 Eadem
1066 1648 1227 1712 Zenobiae
1247 1648 1335 1712 Ceut.
1353 1651 1377 1726 1,
1397 1655 1419 1712 2

273 1755 381 1832 refert,
401 1775 567 1836 perperam
587 1752 750 1829 adjicient:
773 1753 920 1836 Εἵρηῑαι
945 1751 982 1817 δὲ
1001 1745 1072 1816 ἀπὸ
1092 1746 1294 1837 Ἀγάθωνος
1313 1746 1420 1836 αὐλή·

273 1883 354 1936 noo,
383 1855 420 1934 ὃς
442 1859 497 1925 ἐπὶ
520 1857 673 1943 μαλακίᾳ
693 1854 904 1942 ἐκωμῳδεῖτο.
950 1853 1017 1916 Neo
1038 1854 1100 1916 alia
1120 1852 1332 1933 Diogenianue
1354 1857 1377 1934 l,
1399 1857 1420 1917 7

274 1963 377 2022 habet.
419 1960 617 2041 Apponimue
642 1971 802 2040 postremo
824 1959 945 2036 locum,
966 1977 1058 2040 quem
1081 1957 1419 2022 Schneidewinua

273 2061 407 2122 Praefat.
443 2060 482 2122 ad
518 2061 613 2141 Corp.
645 2061 855 2139 Paroemiogr.
889 2082 922 2140 p.
943 2058 1087 2122 XXXIV
1116 2079 1219 2141 nuper
1250 2081 1268 2122 a
1299 2060 1419 2123 achedia

274 2162 509 2225 Schubartiania
531 2162 646 2226 edidit:
683 2155 902 2244 Ἀγαθώνιος
924 2159 1083 2246 udinem:
1113 2155 1231 2248 ἀγαθή
1254 2165 1311 2231 uui
1332 2163 1420 2248 μέση

273 2267 327 2332 uni
357 2263 453 2348 καλή.
500 2259 666 2349 Ἀγάθων
692 2263 757 2348 γάρ
787 2286 838 2336 τις
869 2258 1007 2346 δόκιμος
1034 2268 1082 2337 air
1111 2256 1308 2348 αὐλητικήν.
1356 2265 1418 2328 Sed

275 2370 350 2428 haec
380 2369 560 2449 quicunque
587 2367 731 2447 arripnit,
762 2365 821 2425 etai
842 2387 859 2426 a
882 2377 1057 2433 ceterorum
1080 2367 1129 2430 vin
1152 2368 1259 2447 paullo
1280 2367 1420 2445 deflexit,

274 2470 339 2529 illie
366 2481 471 2529 tamen
495 2466 659 2550 nequead
684 2465 874 2547 doctrinam,
905 2489 1007 2551 neque
1034 2467 1074 2530 nd
1105 2470 1300 2549 angariantem
1327 2491 1419 2552 prae-

274 2568 424 2630 ferendus
444 2581 507 2647 eet,
539 2569 658 2651 quippe
681 2570 739 2651 qui
761 2569 800 2632 de
821 2572 993 2652 Agathonie
1016 2593 1150 2654 peraonn
1172 2571 1255 2635 haud
1275 2572 1420 2638 videatur

277 2671 448 2753 quidquam
469 2673 549 2733 carti
571 2673 760 2751 cognovitne.
