3044 4982
662 301 712 372 37

106 509 201 570 psam
228 483 292 551 ουίι
316 480 400 552 ἄλλο
430 481 576 572 ποιήσας
608 480 711 553 οὐδὲν
732 485 800 555 sair
829 484 1066 573 προσηκόντων
1083 491 1119 578 ¹).
1174 494 1261 572 Quae

105 609 179 652 cum
200 589 247 651 ita
270 589 353 666 sint,
374 589 475 650 omnis
497 588 669 651 sententiae
691 589 739 652 vis
759 589 793 651 in
814 611 852 652 eo
874 593 976 672 posita
1000 591 1141 675 videtur,
1163 611 1197 660 ut
1218 601 1260 661 si-

106 692 270 774 gnificatio
294 693 439 756 vocabuli
461 687 711 776 incastratae
727 693 899 756 accuratius
914 710 1083 778 prematur,
1106 701 1191 783 quad
1213 715 1262 765 est

108 797 201 859 alteri
227 790 494 882 ἀναγιγνώσκειν
523 809 656 879 propter
681 796 861 858 liberiorem
889 793 1083 865 declamandi
1104 805 1258 868 rationem

105 899 304 983 oppositum.
347 900 458 983 ltaque
478 901 652 981 pleniorem
673 901 860 964 sententiam
880 903 925 965 ita
940 904 1071 968 sortasse
1085 886 1256 990 propones:

105 1003 170 1073 οὖν
193 1009 314 1082 ἐξεῖναι
346 999 412 1089 γάρ
438 995 548 1076 adeda
569 997 836 1087 ὑποκρίνεσθαι,
869 1002 954 1073 ἀλλὰ
985 1001 1257 1093 ἀναγιγνώσκειν.

105 1111 151 1172 At
172 1107 346 1192 quaesierit
368 1107 499 1168 sortasse
520 1107 693 1189 quispiam,
714 1108 792 1191 quid
814 1111 869 1189 sit,
898 1109 983 1193 quod
1004 1112 1083 1172 ltauc
1105 1114 1256 1193 significa·

109 1214 227 1274 tionem
249 1213 350 1275 verba
364 1206 612 1292 ὑποκρίνεσθαι
634 1212 846 1291 tribuerimus,
869 1218 954 1290 cujus
968 1215 1168 1296 participium
1187 1232 1256 1294 sole

106 1311 396 1398 ὐποκρινογιένοις
424 1315 517 1393 longe
552 1315 643 1376 aliam
678 1317 790 1378 lrabeat
823 1317 1104 1396 significationem?
1151 1322 1254 1404 Atque

106 1419 185 1479 haec
208 1415 337 1500 quidem
361 1416 393 1476 iu
420 1416 553 1480 dicendo
574 1421 762 1500 negligentia
783 1421 874 1482 nobis
895 1441 1083 1503 magnopere
1102 1422 1255 1504 displicet,

106 1541 179 1581 cum
202 1532 269 1582 tota
297 1520 373 1598 legis
396 1521 533 1601 cognitio
556 1543 597 1584 ex
628 1523 684 1584 illo
703 1525 873 1585 verborum
897 1523 1076 1587 discrimine
1096 1525 1254 1606 pendeat?

105 1622 168 1685 Sed
195 1623 251 1706 qui
272 1644 377 1684 censes
399 1645 467 1686 eam
489 1625 622 1688 devitari
645 1624 806 1708 potuisse?
850 1629 899 1689 An
921 1649 983 1707 eas,
1005 1629 1060 1710 qui
1083 1631 1139 1694 tali
1160 1630 1254 1692 moda

105 1726 284 1806 tragoedias
304 1728 446 1807 agebant,
468 1723 785 1813 ἀναγιγνώσκοντας
806 1730 900 1792 luisse
916 1729 1139 1811 appellandos?
1182 1732 1253 1808 Qua

108 1829 249 1908 nomina,
269 1831 327 1893 nisi
346 1831 459 1893 derrns
479 1832 629 1909 muneris,
651 1853 715 1914 quo
732 1833 900 1895 histriones
914 1835 1132 1912 iungebantur,
1155 1845 1254 1914 parte,

105 1931 215 2010 idest,
237 1931 276 1994 de
297 1935 362 1998 sola
383 1934 568 1995 recitatione
590 1932 705 2008 dicens,
727 1935 855 1996 omnino
876 1935 924 1994 uti
947 1954 1010 1995 non
1032 1936 1155 2016 potuit.'
1190 1935 1253 2000 Sed

105 2057 176 2099 cum
199 2057 291 2099 omne
313 2059 443 2116 munus,
474 2036 560 2120 quod
583 2036 806 2100 declamatione
829 2049 859 2100 et
883 2039 1005 2100 actione
1028 2052 1161 2118 constat,
1183 2061 1253 2121 spe-

104 2153 212 2220 ctaret,
233 2141 267 2204 id
288 2143 411 2222 vulgari
433 2141 489 2202 illa
508 2161 585 2204 voce
608 2141 830 2204 ei-notandum
854 2143 922 2204 luit.
967 2139 1116 2223 Opponat
1138 2143 1252 2224 aliquis

106 2246 329 2308 obscenitatem
350 2247 421 2323 loci,
444 2265 513 2306 cum
534 2244 562 2306 is
585 2265 624 2305 ex
649 2258 756 2306 nostra
771 2245 924 2307 sententia
943 2243 1105 2308 enodatur.
1151 2243 1251 2319 Quam

106 2347 155 2408 illi
175 2359 258 2410 certe
282 2366 346 2409 non
367 2366 508 2426 magnam
531 2366 597 2408 esse
619 2345 779 2424 videbunt,
802 2347 858 2428 qui
878 2365 960 2423 rena,
980 2345 1099 2428 quique
1121 2346 1251 2408 locutio-

106 2471 195 2527 nem,
216 2471 312 2532 quam
333 2449 367 2510 in
391 2449 517 2511 decreta
538 2449 729 2529 invenimus,
761 2447 844 2531 apud
864 2449 998 2512 Graecas
1021 2469 1091 2510 cum
1114 2451 1251 2531 publico,

105 2566 170 2615 tum
192 2553 312 2616 lorensi
333 2573 392 2614 usu
412 2565 477 2614 tam
499 2552 606 2614 tritam
629 2555 850 2635 vulgatamque
880 2571 946 2614 esse
968 2553 1189 2633 cognoverint,
1215 2566 1250 2616 ut

104 2659 185 2721 nihil
207 2658 361 2719 haberent
378 2655 592 2734 obscuritatis,
629 2677 709 2740 quae
742 2656 833 2718 nobis
863 2656 1008 2737 inprimis
1034 2658 1178 2736 ambigua
1204 2659 1250 2720 vi-

104 2761 228 2824 dentur.
272 2759 437 2822 Aceruntia
458 2760 550 2838 enim,
572 2781 653 2842 quae
673 2761 706 2822 in
723 2761 844 2840 legibus
862 2758 999 2821 ferendis
1016 2759 1179 2842 literisque
1200 2781 1250 2821 re·

105 2863 236 2927 citandis
261 2863 358 2941 vulgo
389 2860 614 2940 adhibebatur,
647 2862 791 2945 Lycurgo
820 2875 966 2940 auctare,
1000 2863 1033 2924 in
1062 2861 1249 2942 tragicorum

107 2988 201 3049 opera
223 2967 373 3028 translata
395 2976 459 3040 eet,
487 2964 606 3046 quippe
629 2985 709 3045 quae
731 2985 791 3044 pro
812 2965 950 3046 antiquis
978 2967 1170 3028 haberentur
1191 2989 1250 3031 ve·
1341 2975 1345 2988 '

106 3072 313 3155 notandisque
328 3073 490 3132 literarum
506 3067 708 3130 documentis.
754 3066 939 3149 Quanquam
955 3068 1100 3128 nonnihil
1118 3069 1248 3132 fortasse

104 3180 155 3241 vel
184 3178 312 3238 lortuna
344 3175 517 3249 librorum,
548 3171 601 3234 vel
628 3168 817 3249 negligentia
847 3167 1045 3228 librariorum
1078 3168 1249 3246 intercidit,
1305 3213 1309 3221 ι

105 3279 191 3365 quad
212 3278 397 3342 seutentiam
411 3275 571 3338 Plutarchi
586 3273 718 3335 iaciebat
734 3272 915 3334 faciliorem.
958 3267 1021 3332 Sed
1043 3267 1082 3331 de
1101 3269 1150 3332 his
1170 3292 1249 3354 quo.

105 3380 264 3467 quomado
287 3381 341 3441 alii
364 3379 457 3440 aliter
478 3379 632 3457 sentiscat,
650 3378 809 3459 Lycurgus
831 3377 888 3436 hac
910 3375 978 3453 lege
999 3393 1063 3436 nou
1088 3383 1153 3435 tant
1174 3374 1249 3442 ‹lsa-

105 3479 310 3562 ousoaosaic,
342 3504 436 3566 quam
457 3482 627 3545 histriones
647 3503 666 3542 a
690 3483 867 3544 fabularum
895 3479 1066 3558 mutatione
1095 3481 1248 3560 repellere

106 3587 217 3652 valuit.
269 3587 350 3651 Naut
370 3588 498 3648 illorum
523 3606 619 3667 opera
648 3606 750 3667 neque
770 3582 976 3666 reprebendi,
1010 3605 1067 3646 nec
1088 3584 1248 3666 prohiberi

106 3693 267 3774 plebiscito
302 3701 444 3773 poterat,
473 3691 564 3773 quasi
596 3690 772 3770 pernicioso
799 3699 879 3750 esset
904 3688 1076 3768 corruptio.
1131 3686 1248 3749 Contra

109 3796 242 3876 papulus
263 3795 461 3876 postulabat,
488 3815 530 3854 ne
550 3795 674 3856 fabulae
696 3792 757 3855 nisi
778 3801 914 3854 mutatas
935 3801 1116 3870 agerentur,
1142 3790 1248 3849 multi·

106 3919 168 3982 que
195 3905 307 3981 poe'tae
336 3919 407 3962 suas
438 3898 579 3980 ipsorum
613 3896 788 3978 tragoedias
816 3905 985 3957 retractare
1015 3901 1247 3955 consueverant.

106 4003 271 4066 Correctae
293 4014 398 4063 autem
420 4003 542 4066 labulae
565 4003 633 4066 aliis
657 4002 891 4064 incribebantur
912 3995 1101 4074 nominibus,
1125 4006 1160 4055 ut
1182 4013 1248 4053 mu·

175 4241 207 4311 1)
225 4241 287 4295 Non
307 4242 395 4296 lacere
415 4240 566 4314 potuimus,
595 4240 660 4314 quin
688 4239 771 4294 varias
795 4237 921 4310 deinceps
939 4233 1100 4303 scriptorum
1120 4225 1250 4280 editiones

107 4329 314 4402 respiceremus,
343 4351 404 4386 cum
431 4329 524 4384 eadem
549 4329 680 4383 librorum
708 4327 785 4401 copia
812 4345 867 4382 non
885 4337 991 4393 semper
1011 4315 1089 4370 nobis
1109 4315 1137 4370 in
1156 4333 1249 4389 prom·

108 4429 154 4489 plu
171 4432 249 4476 esset.
