3076 4998
796 305 870 382 180

258 523 285 568 s.
307 523 339 566 v.
366 490 762 584 διθνραμβοδιδάοναλοο
792 529 867 556 ··.
896 486 953 556 scel
987 486 1185 573 Σονοάοοοο
1212 487 1278 561 τοῦ
1306 491 1404 572 φιλο-

257 599 365 691 σόφου
396 601 464 670 loci
493 593 592 686 λόγος
619 602 667 672 alr
696 591 821 663 αὐτόν·
858 589 898 656 de
928 593 989 654 hoc
1019 589 1089 671 ipso
1116 608 1260 654 sermone
1290 589 1406 654 ‹lebent

258 703 402 786 intelligi.
444 703 512 768 Nec
538 702 670 764 multum
698 696 780 760 ustio
806 696 825 758 J
832 694 939 757 onsii
964 689 1009 755 'de
1036 690 1153 774 Script.
1180 691 1263 754 llist.
1289 693 1407 773 Phil,

261 813 351 887 13‚4
371 807 465 886 valet,
486 804 638 884 tragicum
657 807 781 883 potitum
805 799 906 860 multo
928 795 1139 878 antiquiorem
1159 792 1297 856 Socrate·
1311 795 1407 858 luisse

258 910 408 994 putantis,
429 906 515 993 quod
534 910 577 986 lo,
600 903 826 986 cumprimum
849 902 985 965 isbulam
1007 899 1159 978 docuerit,
1180 897 1294 978 viginti
1316 901 1407 964 annis

259 1026 331 1076 ante
351 1012 510 1078 Socratem
538 1022 647 1074 natum
668 1007 701 1070 in
723 1027 845 1072 scenam
864 1005 1034 1089 prodierit,
1065 1000 1116 1068 Ol.
1138 1006 1191 1069 72.
1233 1001 1406 1066 Scilicetis

259 1119 338 1182 falsu
358 1135 512 1180 annorum
535 1131 667 1175 numero
688 1109 819 1187 nititur,
848 1120 884 1171 ut
907 1129 1003 1191 supra
1024 1105 1196 1170 docuimus.
1242 1106 1286 1166 At
1306 1124 1408 1186 oppo-

260 1220 324 1286 suit
354 1221 448 1300 longe
476 1217 539 1280 alia
569 1215 799 1292 Bentlcjus,
827 1233 908 1297 quse
937 1209 1061 1275 nullum
1087 1209 1279 1273 dubitationi
1303 1209 1407 1270 lucum

258 1324 459 1406 relinquunt,
487 1332 524 1383 ut
541 1316 733 1400 rhspsodum
753 1316 893 1380 Platonis
913 1339 933 1378 a
954 1316 1073 1396 tragico
1094 1321 1189 1396 posta
1209 1313 1329 1395 patria,
1353 1333 1407 1391 ge·

260 1449 346 1506 nere,
365 1422 512 1501 fortunis,
533 1419 670 1502 ingenio,
697 1420 808 1484 studiis
830 1419 1034 1501 moribusque
1055 1415 1213 1480 diversum
1233 1415 1328 1476 iecisse
1349 1413 1405 1476 de-

259 1538 460 1594 monstraret.
501 1524 584 1589 Nem
604 1523 906 1605 Io,.tregoedisrum
925 1523 1077 1604 scriptor,
1097 1520 1209 1597 Chius,
1229 1518 1404 1602 rhapsodus

258 1630 413 1714 Ephesius
437 1626 515 1707 luit,
544 1641 580 1690 ut
602 1626 745 1692 Socrates
771 1627 863 1691 initio
884 1627 1054 1704 sermonis,
1079 1625 1171 1688 illum
1190 1624 1405 1703 interrogans:

260 1729 398 1812 Πόθον,
419 1729 539 1813 inquit,
562 1725 605 1798 cti
628 1731 695 1798 νύν
715 1724 800 1814 ἡμῖν
819 1726 1085 1814 ἐπιδεδὴμηναςς
1105 1720 1129 1811 ἢ
1152 1718 1351 1808 cicestren}
1373 1729 1407 1800 ἐξ

258 1834 425 1921 Ἐφὲοοος
467 1834 524 1896 llle
550 1833 621 1895 locu
643 1833 776 1894 honesto
802 1844 911 1910 natus,
939 1843 1062 1912 patrem
1086 1829 1212 1907 hebuit,
1241 1833 1327 1906 usjus
1349 1847 1420 1889 πο·-

259 1956 332 1998 men
353 1956 418 1999 non
439 1948 507 1999 eret
527 1939 711 2016 obscurum;
732 1934 788 1998 sed
806 1935 970 2018 Ephesius,
990 1933 1018 1997 si
1039 1953 1102 1996 non
1121 1933 1230 1997 luisset
1251 1932 1407 2012 ignobilis,

261 2060 318 2102 nec
346 2039 507 2102 sordidum
530 2054 694 2121 quaestum
716 2041 855 2118 lecisset,
885 2059 987 2122 neque
1009 2049 1107 2100 artem
1136 2037 1169 2099 in
1199 2035 1409 2116 contemptiu-

260 2162 332 2206 nem
359 2140 498 2203 omnium
529 2139 695 2203 adductam
725 2139 925 2204 exercuisset.
975 2139 1135 2204 Nitsch.
1161 2137 1340 2218 Prolegom.
1366 2135 1405 2198 a'd

259 2246 340 2307 Plat.
354 2246 421 2307 lon.
437 2247 506 2305 c.2.
527 2247 604 2323 p.‘4.
647 2243 780 2305 Groen
802 2265 873 2308 usn
895 2242 1134 2306 Prinsterer
1152 2241 1407 2322 Prosopogrupls.

259 2349 382 2410 Platon.
404 2367 438 2426 p.
459 2347 531 2408 168.
574 2345 655 2409 Sunt
676 2346 809 2426 indicis,
832 2367 849 2409 e
871 2347 986 2431 quibus
1008 2345 1134 2410 divitiss
1155 2343 1227 2406 cuit
1249 2342 1407 2423 cognosci-

260 2469 346 2527 mus3
378 2459 411 2510 at
433 2467 555 2527 pauper
575 2447 752 2530 rhapsodus
772 2449 911 2530 fingitur.
953 2449 1013 2512 Hic
1033 2449 1113 2512 nihil
1134 2467 1169 2512 sc
1189 2446 1251 2510 nisi
1271 2445 1407 2509 carmina

260 2550 391 2614 Homeri
413 2551 525 2612 callere
548 2551 682 2630 letetur3
702 2553 757 2614 ille
780 2573 857 2616 sero
879 2553 998 2634 magnis
1018 2553 1194 2634 amplisque
1213 2551 1318 2631 po'e'sis
1341 2563 1408 2612 stu-

261 2652 321 2718 diis
343 2655 445 2717 clerus
466 2667 498 2716 et
519 2654 737 2737 philosophiae
758 2668 790 2719 et
812 2657 959 2720 historiae
980 2657 1114 2718 multum
1135 2673 1251 2736 operae
1269 2653 1407 2715 navavit.

346 2757 438 2820 Hunc
459 2767 524 2819 tam
547 2758 712 2820 nobilitate
734 2757 864 2838 generis,
886 2778 979 2842 quam
994 2757 1117 2838 opibus·
1129 2755 1309 2820 excelluisse
1328 2773 1406 2815 con·

262 2858 429 2924 tendimus.
470 2860 552 2923 Nam
573 2859 608 2922 in
629 2880 667 2923 eo
688 2861 839 2944 quaedem
857 2862 956 2944 glorie
970 2861 1106 2924 lumilise
1122 2869 1289 2941 comparet,
1308 2854 1410 2939 quosl,

261 2980 441 3044 quenquam
470 2959 539 3042 ipse
567 2962 753 3042 peregrinus
782 2963 860 3041 fuit,
890 2976 996 3024 temen
1023 2975 1146 3044 patrem
1170 2974 1201 3024 st
1219 2959 1354 3022 'nomine
1375 2970 1409 3019 et

260 3063 442 3144 eognomine
463 3077 572 3127 notum
594 3065 720 3143 hebuit,
743 3066 799 3147 qui
820 3065 1110 3129 honestissimorum
1132 3063 1272 3146 hospitio
1292 3061 1406 3125 civium

258 3169 417 3230 utebatur.
459 3166 531 3230 Nisi
551 3187 631 3230 vero
652 3167 822 3232 ditissimus
843 3169 963 3247 fuisset,
984 3189 1048 3231 non
1066 3167 1220 3250 potuisset
1236 3163 1406 3245 sinistrique

260 3268 497 3332 Atheniensium
519 3268 657 3348 singulos
681 3268 772 3332 cedes
794 3269 866 3332 Chii
892 3271 959 3334 vini
981 3271 1020 3334 sd
1041 3271 1205 3335 uictoriam
1218 3266 1407 3348 vtragoediae

260 3370 475 3434 celebrandum
492 3372 622 3434 donare.
663 3371 743 3436 Cum
761 3359 1064 3453 almodum'juveuis
1077 3384 1167 3450 esset,
1181 3374 1318 3437 Athenas
1333 3391 1408 3450 per-

261 3473 364 3550 venit,
383 3472 491 3556 ibique
512 3475 546 3536 in
568 3475 696 3540 aedibus
717 3477 937 3543 Laomedontis
961 3477 1123 3540 Cim0nem
1144 3488 1176 3538 ct
1197 3473 1278 3538 sidit
1298 3484 1330 3534 et
1351 3471 1408 3536 ed·

259 3573 390 3638 miratus
414 3587 470 3639 est.
518 3579 601 3641 Plut.
623 3578 702 3642 Cim.
724 3584 762 3642 9:
794 3579 1037 3662 συνδειπνῆσαι
1057 3579 1094 3646 δὲ
1115 3579 1161 3665 νῷ
1180 3575 1319 3658 Κίμωνί
1340 3597 1409 3660 φη-

260 3699 315 3744 σιν
344 3668 362 3742 ὁ
388 3671 489 3755 Ἴων,
524 3674 749 3748 παντάπασιν
780 3679 958 3764 μειράκιον
984 3677 1073 3764 ἧνων
1103 3682 1152 3751 ss't
1182 3669 1342 3760 Ἀθήνας
1371 3679 1409 3742 itt

259 3777 362 3855 Χίον,
385 3771 477 3863 παραὶ
500 3779 732 3863 Λαομέδοντι.
773 3782 987 3846 Nihilominus
1008 3794 1080 3864 pust
1096 3781 1129 3844 in
1148 3777 1407 3842 coustsetudinem

259 3884 334 3960 ejus,
357 3901 451 3965 quem
472 3881 603 3962 plurimi
624 3883 709 3961 iecit,
731 3883 758 3946 si
779 3884 874 3948 modo
895 3885 1010 3967 potuit,
1031 3883 1105 3947 sese
1119 3883 1263 3966 cupidius
1283 3880 1407 3946 dedisse

258 3982 395 4060 videtur,
417 3983 537 4065 quippe
559 3989 645 4063 cujus
666 3985 884 4063 urbanitatem,
906 3988 1093 4065 comitatem,
1114 3987 1318 4070 politissimus
1340 4004 1407 4046 mo·

176 4089 182 4100 '
259 4105 310 4148 res
330 4103 520 4168 magnopere
540 4085 695 4150 laudaret.
737 4089 822 4151 Plut.
841 4088 953 4152 Pericl.
975 4093 1013 4152 5:
1037 4085 1120 4158 Ἴων
1141 4127 1249 4152 ·····
1275 4093 1409 4154 ἔπαινοι

259 4185 295 4254 tl
315 4181 354 4255 νὸ
375 4187 546 4270 Κίμωνος,
560 4189 704 4273 ἐμμελὲς
724 4191 779 4259 cul
793 4187 901 4276 ΰγρόν
916 4191 973 4257 sul
990 4193 1259 4275 μεμουσωμένον
1276 4193 1314 4256 ἐν
1332 4199 1408 4260 suis*

259 4284 468 4370 πεοιςοὸροοο.
510 4290 553 4352 At
581 4291 728 4372 superbie
752 4304 847 4375 etque
875 4293 1042 4358 insolentie
1063 4294 1193 4356 Periclis
1214 4309 1406 4370 magnopere

260 4385 291 4448 ci
317 4385 487 4466 displicuit.
536 4392 620 4455 Plut.
646 4393 758 4458 Pericl.
778 4397 801 4458 l.
822 4397 862 4460 l.c
890 4391 972 4467 Ἴων
999 4396 1204 4486 μοθωνικήν
1232 4417 1314 4480 φησι
1341 4386 1407 4476 squ
