3076 4998
812 335 886 406 174

276 519 335 596 diis
365 519 507 583 notiouee
535 518 644 600 lingit,
675 539 712 581 eo
742 517 843 581 minue
869 517 993 600 perlicit
1022 518 1173 599 imagines
1197 539 1322 600 rerum,
1354 543 1424 585 cum

274 625 355 686 acies
381 623 500 702 ingenii
526 627 665 701 jejunum
691 622 784 684 faciat
806 642 841 683 ac
863 621 1011 702 trigidum
1032 619 1158 682 dicendi
1179 642 1286 701 genua.
1330 623 1424 700 Quod

275 726 357 788 cadit
379 727 413 786 in
435 724 674 806 descriptionem
694 724 886 804 Agathonie,
915 745 978 806 qua
1004 723 1101 786 animi
1128 745 1234 786 causta
1254 727 1365 788 literae
1386 729 1425 788 il·

274 831 463 908 lustrantur,
486 851 567 913 quae
587 849 700 890 nomen
722 828 834 890 Thesei
857 828 1003 890 efficiant.
1046 828 1160 890 Athen.
1182 830 1225 890 X.
1247 850 1280 909 p.
1296 831 1362 892 454
1383 831 1424 892 D.

276 932 363 1010 Quae
385 955 455 995 cum
477 934 643 997 simillimis
665 933 808 996 versibus
828 929 989 1014 Euripidie
1012 941 1225 1012 comparetur,
1248 931 1423 994 breviorem

154 1059 156 1066 ¹
275 1047 369 1116 atquc
392 1034 594 1096 concisiorem
617 1035 813 1114 Agathonem
836 1052 902 1096 eme
922 1045 1072 1114 apparet,
1102 1053 1171 1095 cum
1193 1033 1275 1094 ratio
1299 1035 1424 1116 Euripi·

249 1183 252 1190 .
275 1135 322 1199 dic
344 1138 484 1220 politicae
506 1137 607 1200 indoli
626 1141 723 1219 magia
743 1137 944 1220 respondeat.

362 1240 479 1318 Quaeri
492 1253 606 1323 potest,
625 1244 718 1324 quale
732 1243 819 1304 chori
834 1259 931 1321 genae
949 1238 1083 1302 coluerit
1098 1239 1229 1318 Agatho.
1272 1241 1339 1302 lloc
1351 1241 1424 1303 Ari·

274 1345 401 1406 ctctelee
421 1343 527 1422 docet,
550 1363 619 1405 cum
641 1347 716 1406 haec
740 1345 877 1406 carmina
898 1340 1003 1404 tradat
1026 1361 1096 1402 cum
1113 1341 1187 1422 'ipsa
1208 1343 1327 1404 actione
1349 1345 1423 1424 par-

275 1446 420 1528 tibusque
443 1447 531 1509 chori
553 1467 618 1510 non
645 1448 720 1510 eatie
747 1448 844 1510 fuieee
871 1448 1043 1522 conjuncta.
1066 1444 1253 1511 -Poe't.18:
1282 1447 1338 1511 καλ
1360 1440 1423 1512 τὸν

275 1543 375 1634 χορὸν
396 1549 431 1616 δέ
453 1557 513 1616 ἕνα
538 1550 588 1616 δοῖ
601 1545 793 1634 ὑπολαβεῖν
813 1551 880 1615 τῶν
900 1544 1093 1632 ὑποκριτῶν
1114 1549 1168 1615 καὶ
1189 1543 1310 1632 μόριον
1333 1548 1423 1614 εἶναι

274 1650 338 1714 τοῦ
372 1647 453 1718 ὅλου
485 1651 540 1719 καλ
571 1649 858 1735 συναγωνίζεσθαι
889 1645 939 1736 μὴ
969 1645 1079 1734 ὥσπερ
1111 1644 1318 1734 Εὐριπίδης,
1349 1643 1423 1717 ἀλλ’

274 1748 385 1836 ὥσπερ
401 1751 675 1836 Eumenida-'tole
695 1751 730 1818 δέ
753 1752 884 1827 λοιιοοῖς
905 1747 948 1818 τοὶ
970 1745 1124 1836 ᾆδὸμινα
1143 1743 1187 1818 ου’
1205 1751 1339 1836 μᾶλλον
1360 1753 1423 1818 τοῦ

275 1847 394 1935 μύθου
416 1847 437 1936 ἢ
458 1850 562 1938 ἄλλως
583 1851 766 1942 τραγῳδίας
790 1856 869 1922 ἐστι’.
890 1847 965 1921 dc'ii
986 1849 1168 1938 ἐμβόλιμα
1184 1851 1313 1940 ᾄδουσι,
1333 1844 1433 1937 τριέ-1

274 1977 335 2019 τοα
357 1951 523 2038 ἄρξαντος
543 1950 745 2040 Ἀγάθωνος
766 1953 935 2024 τοιούτου.
964 1954 1075 2022 καίτοι
1093 1954 1129 2021 τί
1150 1954 1299 2040 διαφέρει
1320 1949 1342 2037 ἢ
1360 1959 1423 2040 έμ-

273 2049 404 2138 βόλιμα
435 2053 529 2141 ᾄδειν
559 2051 582 2138 ἢ
611 2059 642 2122 εἰ
671 2059 771 2143 ῥῆσιν
800 2062 832 2134 ἐξ
861 2055 966 2126 ἄλλου
1001 2061 1049 2131 alc
1077 2053 1159 2124 ἄλλο
1186 2051 1370 2140 ἅρμόττοι,
1400 2051 1422 2141 ἢ
1533 2079 1534 2082 ’

275 2147 464 2224 ἐπεισόδιον
492 2154 596 2238 ὅλονς
639 2160 782 2224 Peccavit
808 2159 915 2244 igitur·
933 2173 1041 2227 contre
1069 2169 1272 2242 praeceptum
1297 2159 1422 2222 Horatii

274 2257 347 2318 Arte
365 2257 453 2320 Pom.
474 2281 506 2322 v.
531 2260 610 2324 193:
1202 2269 1205 2276 '
1401 2270 1407 2281 '

402 2362 526 2424 Actoris
547 2375 653 2443 partes
678 2367 790 2428 chorus
813 2365 1011 2450 officiumque
1033 2367 1127 2430 virile

345 2493 349 2503 =
403 2463 578 2541 Defendet,
599 2487 661 2527 neu
684 2468 760 2549 quid
782 2467 901 2542 medior
923 2473 1095 2536 intercinat.
1113 2481 1236 2548 cantus,

403 2563 496 2640 Quod
518 2585 582 2628 nou
603 2571 769 2650 proposito
791 2573 942 2636 conducat
963 2587 994 2636 et
1016 2575 1142 2636 haereat
1161 2585 1250 2656 apte.

273 2663 341 2726 Nec
368 2663 511 2728 dubitare
542 2669 630 2745 licet,
662 2672 738 2753 quin
763 2695 814 2752 ea,
844 2696 924 2757 quac
944 2679 1066 2756 Agathe
1089 2678 1213 2754 comici,
1239 2675 1272 2738 in
1296 2693 1419 2734 scenam

275 2786 415 2846 egressus
422 2813 431 2846 ,
462 2761 623 2834 cohleetim
643 2792 752 2838 canere
775 2779 902 2860 incipit,
929 2800 1077 2860 magnam·
1093 2777 1286 2842 'choricorum
1308 2777 1421 2840 carmi·

275 2892 351 2932 num
377 2872 611 2936 similitudinem
633 2878 784 2958 habeant,
810 2902 989 2965 quanquam
1015 2882 1123 2944 laudea
1145 2879 1305 2962 Apollinir
1319 2878 1421 2940 couti»

274 2985 350 3036 nent
384 2976 423 3036 ab
460 2977 608 3061 omnique
641 2983 868 3062 tragoediarum
904 2999 1087 3066 argumento
1119 2986 1230 3066 pmcul
1260 2979 1420 3044 recedunt·

272 3076 440 3159 Postquam
468 3079 566 3158 igitur
593 3083 626 3144 in
649 3085 777 3148 aedibus
800 3080 1007 3167 primdrdlum
1035 3091 1159 3150 {abulae
1184 3086 1260 3148 fecit
1281 3085 1419 3165 aliasque

272 3191 377 3258 partes
400 3179 516 3262 dialogi
537 3179 703 3265 condidit,⁴
724 3189 801 3250 foria
827 3192 963 3252 carmina
989 3193 1090 3254 facere
1113 3188 1306 3270 ingreditur,
1338 3206 1419 3268 quae

271 3279 368 3342 radiis
389 3283 463 3345 solie
485 3289 648 3367 expositus
673 3293 785 3362 majori
806 3292 930 3371 lurore,
959 3313 1013 3356 eeu
1036 3293 1143 3354 alflatu
1165 3291 1264 3373 poscit
1292 3289 1421 3370 perfun-

273 3381 358 3443 dere.
402 3383 463 3446 Sed
486 3392 578 3468 quale
600 3393 703 3475 iprum
726 3408 773 3457 eat
797 3395 942 3460 carmen?
986 3399 1035 3458 De
1057 3397 1116 3459 hoc
1140 3396 1185 3458 ita
1207 3393 1420 3456 Mnesilochus

271 3483 561 3565 Thesmoph.130:
670 3533 672 3538 -
753 3518 756 3530 ·

400 3586 444 3662 cic
464 3586 528 3674 ridti
550 3589 588 3662 τὸ
609 3597 730 3681 μέλος,
751 3594 776 3665 ci
798 3600 938 3670 πότνιαι
959 3601 1205 3686 γινετυλλέδις,

308 3722 312 3729 ·
399 3693 455 3760 καλ
479 3697 720 3782 θηλυδριῶδες,
741 3704 796 3770 κοιλ
819 3704 1162 3788 κατεγλωττισμένον,

398 3797 454 3862 καὶ
477 3796 719 3884 μανδαλωτόν,
740 3798 814 3872 ὥστ’
831 3807 918 3888 ἐμοῦ
940 3798 969 3890 γ’
984 3801 1199 3890 ἀκροωμένου

397 3893 468 3968 u‘nd
490 3897 555 3986 τήν
575 3901 676 3988 ἕδραν
699 3900 807 3991 αὐτὴν
829 3903 969 3990 ὑπῆλθε
988 3901 1169 3992 γάργαλος.

269 3997 377 4080 ltaque
398 4001 526 4065 mollem
547 4017 642 4088 atque
664 4011 871 4072 effeminatam
893 4009 1004 4090 potitiu
1024 4008 1120 4087 dicit,
1141 4030 1321 4093 quanquam
1345 4010 1423 4072 affe·

270 4103 322 4160 ra't
347 4103 468 4185 aliquid
498 4105 679 4190 vuluptatie.
723 4113 828 4191 Quare
850 4131 917 4174 eam
937 4111 1002 4175 vim
1024 4113 1057 4172 iu
1080 4113 1218 4177 animum
1239 4116 1306 4176 lere
1329 4121 1422 4174 exer-

270 4215 335 4281 cet,=
368 4204 456 4269 Suid.
478 4209 509 4271 e.'
524 4233 555 4274 v.
583 4216 791 4299 γαργαλίζει,
822 4235 915 4300 quam
943 4215 1071 4278 Persius
1092 4215 1157 4281 Sat.
1177 4220 1200 4297 Ι,
1222 4221 1265 4280 20
1288 4217 1421 4280 carmini

269 4304 434 4370 libidinum
467 4313 648 4392 plenissimo
677 4319 800 4381 tribuit.
855 4319 987 4380 Duobus
1000 4350 1003 4358 ¹
1018 4325 1123 4382 ‘autem
1156 4321 1261 4384 verbis
1293 4318 1420 4380 foedam
1533 4315 1534 4320 ’

270 4417 456 4493 turpemque
480 4429 587 4478 cantus
608 4417 746 4484 indolem
768 4421 929 4503 significat,
951 4437 1049 4504 eaque
1069 4445 1089 4484 a
1110 4422 1241 4488 vetuetit
1262 4421 1420 4503 inter-pre·
