3076 4998
661 305 732 380 157

124 486 292 573 ἐποίησαν
314 487 370 556 sol
393 483 445 575 μὴ
467 483 551 556 socci
574 489 689 574 μέρος,
712 487 823 576 doaso
843 481 1035 576 Εὐριπίδης
1056 487 1197 574 Νιόβην
1217 493 1272 562 nol

124 583 177 675 [ιη’
203 587 317 676 ὥσπερ
344 587 533 679 Αἰσχύλος,
559 587 581 677 ἢ
604 591 827 660 ἐκπίπτουσιν
854 586 877 677 ἢ
907 592 1014 667 coede
1042 583 1275 676 ἀγωνίζονται,

125 695 198 760 ἐπεί
227 693 283 760 sod
312 685 478 779 Ἀγάθων
505 693 658 770 ἐξέπεσεν
684 699 720 764 ἐν
744 687 852 780 τούτῳ
875 690 980 780 μόνῳ.
1023 691 1116 756 Unde
1138 694 1273 758 fabulam

127 793 310 876 Agathonis,
341 815 435 877 quam
454 789 559 862 Ἰλίου
582 795 709 878 Πίρσιν
732 794 904 872 vocaverit,
926 794 1096 878 aliqtmndo
1119 797 1273 862 exstitisse

127 912 263 962 censent.
307 900 521 960 Hermann.
542 897 581 961 ad
602 900 634 960 b.
648 899 669 959 l.
714 897 776 962 Sed
795 899 985 962 Ritterus
1007 898 1218 964 Commentar.
1235 901 1274 966 ad

124 1002 260 1065 Aristot.
278 1005 367 1066 Poc't.
388 1023 420 1082 p.
439 1005 512 1076 216,
535 1003 593 1066 etsi
614 1015 713 1065 totam
736 1002 850 1066 excidii
872 1003 958 1066 urbis
978 1004 1089 1081 Trojae
1112 1005 1274 1068 historiam

125 1107 166 1166 ab
188 1106 353 1185 Agathone
375 1106 498 1168 fabulae
520 1108 688 1184 subjectam
715 1129 780 1170 csse
810 1106 969 1184 concedit,
999 1119 1103 1170 tamen
1131 1106 1275 1172 dubitan-

126 1207 202 1270 dum
225 1229 292 1270 assa
311 1208 478 1287 existimat,
500 1232 574 1273 num
595 1233 632 1276 ea
655 1206 760 1282 Ἰλίου
781 1213 905 1298 Πὲροιι
926 1221 1035 1276 vocata
1056 1211 1106 1288 sit,
1128 1223 1276 1292 propter·

126 1333 164 1372 ea
182 1310 267 1393 quod
290 1313 350 1374 hoc
369 1333 484 1375 nomen
506 1335 608 1397 neque
630 1336 671 1378 ex
695 1315 754 1376 hoc
775 1315 955 1380 Aristotelis
976 1318 1065 1394 loco,
1087 1337 1188 1399 neque
1210 1316 1273 1383 alio

124 1413 242 1478 indicio
261 1429 392 1480 constet.
435 1417 581 1482 Caussam
603 1418 807 1482 dubitationis
826 1419 871 1482 ita
891 1421 1027 1502 explicat
1045 1419 1121 1484 ibid.
1143 1443 1176 1500 p.
1192 1423 1274 1484 2142

73 1594 78 1605 Ι
124 1521 270 1596 „Carmen
297 1523 366 1582 ι’ίίιιιί
394 1528 501 1602 spicum
528 1523 640 1586 Arcana·
663 1537 690 1586 ec
711 1526 824 1586 lachis
846 1543 901 1586 ιιυιι
925 1525 1050 1609 ,Πίροις
1070 1515 1195 1601 Ἰλίου,
1223 1528 1276 1590 sed

123 1616 232 1692 Ἰλίου
253 1625 370 1711 σίροις
391 1641 528 1705 coeatur,
555 1631 707 1712 codemque
734 1631 817 1692 modo
840 1631 992 1706 tragoedra
1017 1627 1190 1710 appellanda
1214 1635 1276 1706 esr't,

124 1733 151 1790 ci
176 1751 303 1812 unquam
331 1753 364 1792 co
390 1735 468 1794 asub
496 1734 647 1810 tragoedia
673 1731 802 1796 scutit?
844 1732 948 1813 Atque
971 1733 1045 1792 haec
1067 1728 1194 1810 quidem
1215 1731 1275 1792 iste

125 1831 279 1910 sagaciter
298 1844 406 1895 monet
427 1855 462 1895 ac
484 1854 569 1910 vers,
596 1845 630 1895 ut
652 1833 837 1896 Aristotcles
861 1852 925 1896 non
949 1845 1013 1902 tam
1033 1851 1158 1910 nomen,
1181 1851 1276 1914 quam
1370 1824 1375 1836 ’

125 1949 346 2013 argumentum
367 1935 547 2016 tragoediae
569 1937 755 2016 significasse
775 1935 931 2000 videatur.
973 1934 1054 1996 Nam
1078 1933 1191 1996 Graeci
1210 1956 1277 2005 car·

125 2035 223 2114 mina,
245 2039 359 2120 quibus
381 2038 538 2102 excidium
558 2039 646 2103 urbis
667 2038 883 2118 decantabant,
910 2039 956 2100 its
975 2036 1212 2119 inscripserunt,
1240 2051 1277 2102 ut

125 2158 243 2202 nomen
264 2143 351 2205 urbis
372 2144 562 2206 collocarent
583 2156 655 2205 anto
678 2143 882 2220 vccabulum,
903 2161 967 2225 quo
989 2141 1200 2220 eversionem,
1221 2155 1275 2207 aut

127 2243 364 2323 occupationem
386 2249 451 2321 ejus
473 2245 697 2324 consignabant
712 2243 750 2325 ¹).
793 2245 889 2321 Cuius
914 2265 989 2308 usus
1011 2264 1077 2306 non
1104 2265 1203 2306 unum
1229 2257 1276 2308 est

126 2345 209 2408 illud
238 2349 432 2429 exemplum,
463 2348 549 2432 quod
579 2349 769 2411 Ritterus
797 2347 897 2411 allen.
940 2346 1014 2409 Pari
1038 2345 1132 2410 modo
1153 2359 1277 2427 tragoe-

126 2449 179 2512 dia
212 2451 401 2532 Phryuichi,
436 2473 517 2536 quae
547 2451 702 2514 excidium
733 2453 838 2514 Mileti
869 2452 1062 2528 continebat,
1098 2462 1277 2516 constanter

126 2547 287 2636 Μιλήτου
302 2548 468 2631 Ἆλιοοιι,
489 2573 547 2618 nec
567 2573 662 2632 voro,
683 2554 811 2618 inverso
828 2555 998 2618 verborum
1020 2553 1148 2632 ordino,
1162 2550 1276 2620 “Ata-

126 2678 179 2729 osc
209 2653 366 2741 Μιλήτου
396 2669 536 2720 vocatur.
587 2655 706 2719 Herod.
735 2658 791 2734 Vl,
818 2660 871 2719 20.
914 2657 1045 2739 Dionys.
1074 2656 1208 2735 Longin.
1236 2653 1275 2718 dc

126 2756 216 2821 Subl.
239 2763 292 2821 22.
331 2759 451 2822 Δολίοιο.
473 2761 550 2822 Ver.
568 2759 650 2837 Xlll,
674 2763 725 2824 17.
768 2760 993 2842 Dithyrambus
1014 2759 1185 2822 Stesichori
1205 2758 1276 2841 qui·

127 2860 203 2924 dam
222 2853 327 2928 Ἰλίου
349 2862 473 2944 Πίρσις
492 2861 617 2924 dicitur.
668 2861 820 2924 Similiter
842 2861 881 2924 de
903 2862 1053 2942 imagine,
1084 2883 1164 2943 quae
1185 2863 1276 2941 lugu·

126 2967 218 3026 brem
237 2964 349 3042 Trojac
373 2964 494 3028 exitum
514 2964 778 3044 repraesentabat,
799 2964 967 3026 Petronius
989 2963 1095 3044 Satyr.
1111 2967 1170 3026 89:
1196 2968 1276 3042 „Sed

126 3071 215 3146 video,
235 3081 262 3131 tc
282 3082 369 3132 mcum
390 3075 418 3132 in
437 3073 487 3132 ι’ίίο
507 3072 626 3132 haerere
646 3069 756 3144 abab,
781 3087 856 3149 quae
880 3066 982 3148 Troiae
1002 3068 1110 3128 λσίσοίιι
1130 3065 1276 3129 samso?

127 3167 383 3253 Quotiescunque
405 3191 482 3235 vero
500 3182 718 3250 argumentum
735 3166 888 3248 po'e'matis
909 3166 1024 3248 potius,
1045 3187 1138 3248 quam
1160 3185 1275 3230 nomen

126 3274 297 3338 voluerunt
320 3272 509 3354 significare,
540 3295 604 3338 non
633 3272 760 3342 mutatis
789 3269 936 3348 vocibus,
966 3266 1109 3332 ordinem
1138 3269 1275 3334 inverte·

125 3387 214 3438 runt.
242 3375 374 3438 ‘lndicat
396 3377 460 3438 Dio
481 3378 643 3461 Chrysost.
661 3378 702 3441 Il.
745 3374 834 3440 Orat.
856 3373 895 3436 de
917 3393 982 3454 reg.
1006 3393 1039 3454 p.
1058 3373 1118 3450 25,
1144 3393 1214 3434 cum
1235 3371 1274 3436 de

125 3479 305 3541 Stesichoro
327 3477 426 3540 dicat:
460 3479 612 3567 μιμητὴς
639 3474 796 3565 Ὀμήρου
823 3476 986 3563 γενέσθαι
1019 3474 1109 3543 δοκεῖ
1134 3475 1189 3544 καί
1212 3473 1276 3561 τὴν

126 3577 251 3648 ἅλωσιν
272 3574 335 3648 ουίι
354 3577 495 3660 doctior
515 3583 651 3668 ἐποίησε
668 3584 727 3666 τῆς
754 3581 898 3664 Τροίυςς
920 3579 1059 3662 itemque
1081 3576 1192 3642 Suidss
1209 3599 1232 3642 s.
1243 3601 1276 3644 v.

129 3674 295 3773 Φρύνιχος
316 3726 325 3745 ·
343 3725 352 3745 ·
370 3727 379 3746 ·
400 3728 409 3747 ·
433 3677 599 3775 Φρύνιχον
620 3689 653 3752 οἱ
675 3683 803 3767 Πέρσαι
824 3681 946 3770 χιλίαις
966 3680 1164 3765 ἐζημίωσαν,
1185 3676 1273 3748 ἅλω-

125 3808 183 3854 σιν
207 3785 467 3874 τροιγῳδήσοιντα
489 3788 665 3873 Μιλησίων
671 3835 683 3867 ,
705 3796 737 3846 et
758 3783 925 3848 Suetonius
946 3783 1022 3846 Ner.
1044 3787 1105 3848 38:
1125 3785 1212 3858 „Hoc
1230 3789 1273 3844 in·

199 3979 231 4050 1)
248 3979 327 4048 Quae
345 3977 414 4032 ratio
432 3977 499 4030 adeo
518 3976 634 4049 vulgaris
652 3976 726 4045 snit,
746 3987 776 4030 ut
798 3974 852 4032 dno
876 3975 987 4030 nomina
1011 3974 1064 4029 boc
1088 3973 1169 4028 modo
1188 3970 1274 4026 collo·

126 4076 185 4121 cala
203 4065 233 4118 in
250 4084 336 4118 unum
356 4062 517 4118 vocabulum
536 4065 632 4120 sensim
653 4064 771 4131 coirent,
791 4062 881 4135 quod,
899 4082 955 4116 uno
973 4063 1133 4116 instructum
1151 4071 1272 4128 accentu,

124 4154 208 4208 alium
227 4153 414 4209 declinationis
429 4152 541 4207 modum
562 4154 719 4208 admitteret.
754 4151 793 4206 Ut
805 4171 854 4224 ap.
869 4151 983 4205 Pausan.
1000 4149 1032 4217 X,
1051 4151 1095 4214 ²6,
1115 4151 1166 4200 241
1185 4143 1274 4200 Ἰλιον-

124 4245 231 4314 πίρσιδι
249 4251 275 4297 ct
294 4240 391 4296 Athen.
410 4241 482 4309 Xlll,
502 4261 528 4312 p.
543 4244 595 4296 610
610 4239 641 4293 C.
658 4250 704 4295 aut
720 4237 928 4310 Ἰλιοσκίρσιδος,
946 4248 993 4290 aut
1008 4233 1190 4304 Ἰλιοσίρσιιλος
1206 4235 1274 4290 scri·

124 4331 246 4386 bendum
266 4349 331 4398 esse,
349 4328 548 4386 Lobecltins
563 4329 673 4400 Parerg.
689 4329 722 4382 ad
740 4325 887 4400 Phrynicb.
906 4345 930 4381 c.
942 4329 967 4381 8.
984 4321 1041 4395 §.8
1061 4321 1133 4378 vidit.
1165 4323 1273 4398 llarpo-

124 4418 211 4476 matio
230 4437 249 4474 s.
267 4438 289 4472 v.
307 4414 426 4474 ιιυθιλοίν
443 4415 520 4472 Ἰλίου
536 4418 633 4488 Πίρσει
650 4416 737 4472 babes.
