3060 5000
649 365 725 438 257

107 547 231 629 ornati,
256 545 330 632 qai,
350 570 369 612 a
387 547 529 631 Diogene
550 561 604 614 ant
625 547 745 629 omnia,
769 561 824 616 aut
840 554 996 618 'nonnulla
1015 565 1112 638 opatu
1129 557 1252 639 abjudi-

106 665 230 732 eautee,
253 651 426 734 tragoedias
446 654 563 736 partiar
585 657 624 716 ab
638 657 684 716 ἶοο
705 674 768 716 non
789 655 936 736 acri'ptae,
957 658 1074 738 partim
1095 661 1164 726 aliie
1186 683 1253 726 aare

105 755 292 818 tribuendae
315 756 542 821 existimarent.
583 757 665 819 Nam
687 777 703 818 e
726 756 846 820 duobus
866 759 948 836 illie,
961 760 1017 842 qui
1039 761 1156 843 scripta
1173 765 1253 829 Dio.

105 861 195 940 genia
219 871 342 924 exetme
362 873 533 940 negarunt,
558 879 641 922 unua
662 859 806 942 Satyrus,
828 863 966 944 aequalia
990 874 1023 924 et
1043 864 1164 931 amicae:
1180 866 1253 931 Ari-

105 963 235 1041 atarelni,
252 964 323 1043 luit,
344 970 431 1044 cuiue
452 967 533 1028 liber
553 967 662 1028 habuit
684 966 811 1028 titulum
833 966 929 1051 βίων.
966 967 1073 1032 June.
1086 968 1125 1032 de
1138 968 1251 1050 Stript.

104 1067 189 1128 Hiet.
208 1067 266 1128 Ph.
281 1063 318 1146 11,
332 1075 364 1130 4.
405 1071 504 1132 Alter
517 1089 594 1132 vera
610 1069 789 1148 Soaicratee,
812 1074 896 1146 eujus
917 1088 1031 1131 nomen
1056 1069 1251 1158 Gaaaubo·

104 1171 187 1230 nua'
203 1165 340 1248 Diogeni
360 1169 397 1230 L.
418 1171 479 1232 l.l.
502 1183 587 1234 reeta
610 1170 760 1249 restitnit,
781 1191 850 1232 cum
872 1183 963 1234 antea
986 1167 1161 1257 Σωκράτης
1178 1195 1251 1254 pen·

102 1290 217 1350 peram
236 1270 406 1350 legeretur,
426 1272 642 1356 eteiaeqnalie
663 1273 810 1336 nonfuit
831 1272 963 1350 Sotioni,
988 1272 1250 1354 quemadmodum

102 1369 138 1432 id
162 1371 294 1448 conjecit
315 1371 558 1436 Brendieiua
580 1376 661 1438 Hiat.
680 1376 763 1438 Phil.
789 1377 826 1436 T.
845 1377 869 1436 l.
894 1397 926 1456 p.
949 1376 1007 1452 30,
1039 1385 1145 1447 tamen·
1164 1378 1249 1443 ‚Her-

102 1473 217 1552 mippo
238 1475 348 1534 aaltem
372 1476 528 1538 recentior
557 1477 634 1554 luit,
669 1478 787 1561 quippe
808 1485 903 1560 quem
923 1474 1097 1542 laudatione
1119 1480 1248 1546 letatur.

100 1578 241 1656 Diogen.
267 1578 374 1639 Laut.
401 1580 426 1655 l,
451 1583 531 1642 206.
591 1580 680 1642 Solio
712 1594 833 1658 autem,
865 1581 1051 1642 ¹Ptolomaeo
1079 1581 1249 1662 ¹Epipltuua

100 1693 271 1760 regnante,
292 1679 481 1744 Brendia.
503 1683 525 1743 l.
545 1683 567 1744 l.
589 1705 621 1762 p.
640 1687 700 1761 31,
721 1671 897 1762 tragoediae
918 1682 1034 1744 exemit
1056 1703 1096 1754 ex
1115 1705 1248 1750 numero

100 1803 216 1844 eorum
246 1803 394 1864 opernm,
426 1805 505 1866 quae
533 1784 699 1864 adscripsit
728 1783 873 1862 Diogeni.
922 1783 1001 1844 Item
1028 1781 1091 1844 duo
1119 1786 1248 1852 luerunt

99 1897 266 1964 auctores,
294 1887 351 1968 qui
369 1887 507 1965 fabulae,
538 1887 685 1969 quoniam
706 1906 770 1948 nnn
791 1905 856 1948 eoae
879 1883 1065 1948 videbantur
1086 1887 1247 1968 Diogenis,

98 1986 287 2048 nominatim
316 1987 385 2054 aliia
407 1988 617 2051 vindicarunt.
667 1989 712 2052 Ut
733 1989 863 2070 Satyron
891 1988 945 2048 ille
967 1987 1135 2050 Philiscum
1156 1991 1248 2069 Aegi.

98 2100 219 2162 netem,
242 2089 469 2152 nobilissimum
491 2091 641 2170 Diogenis
664 2090 860 2172 discipulum,
881 2090 1015 2170 Diogen.
1032 2090 1072 2154 L.
1086 2091 1247 2170 V1,2,12,

96 2190 179 2254 ibid.
194 2194 226 2268 7,
245 2191 440 2256 Phavorinue
462 2212 538 2255 vero
557 2192 779 2274 Paaipllontem
800 2190 957 2274 quendem
978 2192 1116 2256 Lucieno
1137 2205 1245 2259 natum

96 2306 175 2375 post
196 2301 331 2356 mortem
352 2294 505 2374 Diogenia
527 2315 576 2356 eae
597 2295 757 2375 aeripaieee
778 2293 950 2374 perhibuit.
997 2293 1138 2357 Julianus
1158 2293 1246 2358 deui-

97 2416 164 2480 que
186 2396 227 2468 in¹
243 2397 397 2467 eontentia
421 2397 527 2480 Satyri
543 2397 618 2459 luit.
662 2393 751 2459 Orat.
768 2398 825 2458 Vl.
846 2399 967 2477 posu,
988 2397 1060 2460 Vll.
1082 2401 1219 2480 puto.

188 2501 257 2562 lut
271 2522 347 2564 vero
377 2502 459 2564 haud
490 2502 583 2564 dubie
608 2501 689 2564 illud
709 2501 902 2579 rationibus,
930 2520 1031 2584 neque
1054 2501 1245 2579 argumentis

98 2602 338 2683 confirmarunt,
360 2627 440 2689 quae
463 2606 634 2686 plurimum
656 2605 690 2666 in
710 2604 841 2667 hiatoria
859 2605 975 2678 valant,
995 2615 1032 2664 ut
1047 2621 1159 2683 parum
1178 2623 1245 2668 mo·

97 2707 207 2770 verint
223 2727 298 2784 eoa,
328 2709 384 2788 qui
404 2710 482 2769 haee
501 2728 598 2790 opera
621 2713 774 2786 majorum
796 2707 943 2788 opinione
967 2705 1147 2770 tribuerunt
1168 2691 1245 2766 Dio·

96 2811 182 2891 geni.
225 2811 467 2890 Fieripoterat,
490 2823 528 2871 ut
549 2811 688 2873 indolem
709 2812 801 2888 hujae
823 2831 858 2870 ae
880 2829 1021 2870 morena
1043 2807 1154 2874 studio.
1169 2813 1245 2887 poti·

95 2914 139 2975 eie
157 2914 252 2990 longe
268 2914 429 2976 recensitae
450 2911 633 2991 judicarent,
655 2913 739 2994 quod
762 2933 831 2974 rann
849 2911 950 2976 acrius
972 2911 1084 2975 mentia
1104 2927 1243 2988 acumen,

96 3036 195 3099 quam
217 3035 340 3079 aeneum
362 3014 402 3078 ad
429 3037 478 3078 ree
507 3016 734 3095 pulcherrimae
760 3015 813 3078 vel
842 3011 1073 3094 percipiendae,
1103 3013 1155 3074 vel
1183 3012 1243 3072 lin·

95 3117 216 3200 gendos
237 3119 417 3200 proniorem
440 3119 601 3196 habuitne,
621 3131 689 3178 toro
709 3129 743 3178 at
766 3115 912 3178 musicam
936 3129 967 3176 et
987 3114 1188 3196 geometriam
1210 3125 1243 3178 et

96 3221 300 3300 astrologiam
323 3221 557 3302 contempsisse,
587 3218 731 3302 inprimis
755 3237 832 3282 vero
859 3218 988 3280 *seruicia
1011 3216 1242 3308 certaminibus,

95 3323 190 3407 quasi
213 3323 369 3386 miraculis
390 3325 567 3404 stultorum,
588 3323 720 3388 irriniaee
733 3323 936 3404 perhibetur.
974 3321 1107 3400 Diogen.
1127 3320 1165 3382 L.
1187 3321 1243 3397 Vl,

96 3433 129 3507 2,
152 3431 190 3488 8:
217 3430 382 3511 μουσικῆς
401 3453 439 3492 το
460 3427 519 3494 καὶ·
536 3427 759 3514 γεωμετρικῆς
780 3429 836 3493 aet
856 3420 1073 3509 ἀστρολογίας
1095 3422 1151 3490 καὶ
1174 3423 1242 3490 τοῖν

95 3523 263 3596 τοιούτων
286 3522 439 3614 ἀμελεῖν,
460 3529 536 3592 ibid.
557 3535 594 3590 4:
622 3523 753 3614 σῖγσῖναο
774 3525 907 3613 μεγάλα
929 3519 1100 3606 θαύματα
1120 3535 1243 3608 μωροῖς

95 3632 202 3713 ἔλεγε.
245 3630 343 3690 Erant
365 3642 469 3690 eruent¹
489 3631 523 3690 in
544 3629 583 3692 iis
602 3629 715 3692 fabalia
733 3630 885 3690 nonnulla
903 3648 943 3688 ex
960 3628 1136 3690 Stoicorum
1151 3625 1242 3688 disci-

95 3732 187 3812 plina
210 3730 389 3814 desumpta,
419 3742 539 3792 utnon
566 3733 668 3794 aulum
695 3730 905 3794 dubitationes
935 3730 1113 3792 criticorum
1140 3727 1242 3790 deela-

96 3845 188 3910 rant,
221 3834 278 3915 qui
298 3833 332 3894 in
354 3844 441 3894 tanta
461 3833 647 3914 opinionum
668 3833 820 3903 varietate
843 3832 981 3914 aliquem
1002 3852 1027 3891 e·
1041 3828 1165 3910 Cynicis
1187 3829 1242 3888 lna·

96 3938 236 3996 buerunt
266 3935 468 4015 scriptorem,
499 3934 556 3996 aad
589 3936 683 3997 etiam
714 3935 855 3997 Julianus
887 3935 1063 3996 luculenter
1094 3927 1240 4005 oetendit,

97 4057 186 4114 curn,
218 4036 275 4118 qui
298 4038 402 4100 locum
431 4035 608 4116 attigerint,
639 4057 746 4100 omnen
767 4035 911 4098 dubitare
932 4045 1040 4114 neget,
1069 4030 1146 4112 quin
1167 4030 1240 4095 illae

97 4139 216 4201 luerint
233 4159 251 4200 a
267 4139 375 4221 cynico
393 4139 595 4220 conscriptae.
637 4141 752 4202 Julian.
771 4135 860 4202 Orat.
875 4139 905 4198 7.
926 4159 959 4217 p.
973 4139 1053 4196 2102
1075 4124 1137 4206 acic
1154 4122 1238 4196 due·

98 4241 289 4326 φερομένας
318 4240 353 4308 et
382 4244 431 4316 εἷο
460 4235 521 4308 τὸν
550 4241 693 4332 Διογένη
720 4238 923 4324 τραγῳδίας,
953 4233 1059 4308 οὔσας
1086 4236 1154 4320 μὲν
1182 4230 1238 4298 eei

96 4338 376 4431 ὁμολογουμένας
398 4343 747 4432 (1.6μολογονμέναο)
776 4343 917 4412 uertenti
944 4363 1037 4424 τινος
1065 4331 1239 4426 συγγράμ-

96 4472 202 4532 ματα.
253 4449 320 4512 Νοσ
341 4471 413 4514 raro
443 4452 615 4536 antiquitus
639 4448 810 4529 acciderat,
841 4459 878 4510 ut
902 4446 1021 4530 quiin
1047 4441 1152 4525 poesi,
1183 4455 1238 4504 aut

914 4562 955 4622 17
981 4585 990 4598 ⁴
