3086 4992
794 265 868 377 ito

262 497 403 560 certatim
425 495 584 558 dixerunt.
620 491 709 557 Suid.
730 513 755 554 e.
777 513 806 556 t.
830 479 932 565 οὗτος
954 492 1008 558 καλ
1033 491 1051 558 ὁ
1072 485 1283 575 Ἐρυθραῖος
1304 490 1407 558 Ναα-

261 595 384 686 κράιης
406 601 459 666 καλ
481 590 734 683 Ἰοσκράιης,-ὁ
757 592 882 684 ῥὴιαρ,
904 592 922 662 ὁ
946 589 1222 677 Ἀπολλωνιάτης
1244 593 1298 660 καλ
1320 589 1408 660 Θεό-

262 727 403 788 πομπος
427 701 482 770 tet
505 704 567 788 κης
590 697 636 788 ρκ’
661 693 873 784 ὀλυμπιάδος
899 696 998 766 alnoo
1018 691 1200 779 ἐπιτάφιον
1226 696 1282 762 ini
1304 697 1408 763 Μασ-

260 800 363 890 acite,
381 798 611 889 Ἀρτεμισίας,
631 805 692 888 τῆς
712 797 871 888 γυναικὸς
891 795 1011 875 αὐτοῦ,
1032 795 1329 881 προοραψσμόκης,
1349 799 1407 865 καλ

260 908 409 991 ἐνίκησε,
437 904 586 992 μάλιστα
609 899 851 991 εὐδοκιμήσας,
880 909 917 972 ἐν
943 891 1077 989 paine,
1103 900 1276 986 epuypdr'p.
1294 905 1297 910 '
1318 899 1406 962 Idem

261 1034 285 1076 a.
307 1033 338 1074 r.
360 1004 556 1095 Ἰσοκράτης
576 1001 748 1091 Ἀμύκλα.
798 1003 861 1083 Qui
888 1007 967 1068 falco
995 1023 1110 1066 nomen
1139 1003 1282 1064 leoenatia
1310 1003 1406 1085 Amy·

262 1114 339 1176 claei
360 1111 462 1191 addit3
493 1133 565 1174 nam
585 1109 924 1176 Pseudo-Plutarchua
947 1120 978 1170 et
1001 1107 1122 1170 Gallina
1142 1105 1290 1185 tradunt,
1309 1107 1406 1186 megi-

262 1231 360 1280 etrum
375 1214 553 1278 interfuisse
568 1214 730 1278 certamini
744 1212 933 1276 auditorum.
976 1212 1082 1274 Recte.
1124 1209 1205 1272 Nam
1222 1209 1289 1290 ipre
1303 1210 1407 1271 Theo·

261 1341 404 1403 pompue,
426 1327 462 1380 ut
483 1317 635 1380 Eusebius
657 1319 769 1398 Praep.
788 1317 907 1396 Evang.
924 1317 966 1392 X,
988 1317 1008 1376 3
1030 1333 1070 1376 ex
1090 1314 1267 1395 Porphyrio
1287 1313 1406 1391 scribit,

262 1433 497 1503 praeceptorem
519 1440 590 1482 aee
612 1419 728 1483 victum
750 1439 815 1482 oete
834 1419 984 1499 gloriatus
1008 1429 1065 1480 eet.
1106 1417 1302 1480 Ruhnken.
1323 1417 1405 1480 Hiat.

263 1525 340 1588 Crit.
354 1546 387 1606 ρ.
397 1527 470 1587 353.
514 1523 690 1587 Victoriam
703 1522 758 1586 alii
770 1521 940 1586 Theodecti
955 1520 1108 1598 tribuunt,
1122 1521 1177 1582 alii
1190 1522 1405 1602 Theopompo.

263 1625 357 1704 Quod
371 1625 529 1710 quomodo
549 1626 700 1708 explicari
722 1625 842 1704 debeet,
863 1625 946 1686 inira
968 1623 1157 1686 docebimur.
1201 1623 1403 1688 Glintonue

263 1749 428 1794 numerum
448 1729 523 1792 anni
545 1731 692 1809 correxit,
713 1729 850 1792 ecrihene
873 1725 935 1815 ρξ’.
980 1729 1073 1791 Ηυιια
1094 1741 1208 1808 autem,
1229 1749 1299 1790 cum
1317 1747 1406 1790 aecra

263 1835 395 1899 deorum
416 1837 449 1898 in
472 1834 632 1915 tragoedia
655 1833 893 1912 enuntiatum,
915 1831 1084 1916 aliquando
1106 1834 1206 1896 eculin
1227 1844 1366 1913 captum,
1387 1853 1407 1892 a

263 1942 448 2004 coelestibus
469 1959 561 2021 opem
583 1936 703 2000 tamdiu
725 1937 942 2017 imploratione
964 1937 1086 2016 ierunt,
1114 1936 1213 1998 donee
1235 1936 1337 1998 risum
1356 1955 1407 1995 re·

263 2045 392 2124 ceperit.
436 2042 520 2105 Vide
544 2043 657 2104 Eueeb.
686 2053 718 2102 et
744 2041 871 2120 loseph.
892 2040 996 2118 Flau,
1025 2059 1104 2121 quoe
1134 2037 1340 2121 Gyraldne
1367 2036 1407 2100 de

263 2147 351 2208 poet.
372 2145 453 2208 Hiet.
477 2166 509 2226 p.
528 2147 592 2206 282
615 2143 701 2204 citat.
743 2141 810 2204 Nec
831 2162 907 2206 vero
928 2163 986 2204 noa
1007 2141 1098 2214 valde
1119 2143 1271 2206 Euechiue
1291 2153 1408 2216 movet,

264 2250 414 2333 quoniam
452 2247 518 2330 ipae
548 2247 608 2310 tuit
637 2245 848 2325 Chrietienue,
884 2247 941 2328 qui
972 2245 1030 2307 teli
1062 2246 1242 2316 narratione
1276 2245 1407 2308 fertaeee

264 2375 331 2416 rem
360 2364 499 2416 veterem
527 2349 629 2416 uoluit
656 2369 831 2431 exponere,
865 2371 945 2434 quae
973 2350 1132 2412 miraculis
1159 2348 1409 2410 Chrittianorum

264 2457 422 2520 simillima
454 2453 634 2532 uideretur,
674 2471 732 2515 nec
764 2475 905 2536 magnam
937 2454 1074 2534 Joeepho
1104 2451 1199 2514 iidem
1230 2453 1408 2528 habeamur,

266 2560 385 2642 quippe
414 2561 500 2635 cuiue
531 2556 629 2618 libroa
661 2554 806 2636 plurimis
836 2555 914 2618 locia
942 2555 1149 2636 interpolatae
1179 2573 1247 2614 ecee
1276 2565 1409 2616 conatet.

265 2663 423 2724 Erneet.
446 2657 562 2742 Opuec.
587 2658 670 2721 Phil.
701 2657 780 2720 Crit.
808 2681 840 2740 p.
861 2661 936 2722 387.
986 2658 1027 2720 Et
1055 2659 1244 2739 Aeschylum
1271 2655 1408 2735 ejuedem

201 2744 210 2754 '
265 2762 403 2828 crimine
436 2762 581 2824 armerum
607 2761 840 2828 eminuerunt.
894 2760 1026 2822 ertator.
1055 2759 1128 2822 Ειι.
1154 2759 1275 2822 urcem.
1303 2760 1355 2838 ιιι,
1376 2763 1408 2824 2.

238 2866 364 2930 'Clem.
395 2867 486 2927 Alex.
515 2864 631 2928 Strom.
660 2868 696 2928 ll.
725 2888 758 2947 p.
781 2866 855 2932 387.
907 2865 1121 2926 Hermann.
1141 2859 1255 2944 Opuae.
1273 2865 1350 2926 Vol.
1371 2865 1410 2925 ll.

265 2993 297 3053 p.
319 2973 392 3032 163.
434 2971 554 3033 Habuit
581 2969 895 3058 tantemmemoriee
921 2970 1004 3050 rint,
1035 2978 1071 3032 ut
1097 2970 1270 3052 quamlibet
1295 2969 1410 3030 multoe

265 3093 374 3138 verene
403 3077 500 3146 eemel
528 3073 652 3138 auditos
681 3085 832 3154 protenus
861 3071 994 3136 reddere
1021 3061 1136 3155 portet.
1185 3071 1308 3135 ileliae.
1331 3072 1410 3132 Ver.

266 3178 415 3257 Hicevl,
429 3181 480 3240 10.
512 3175 621 3253 Quint.
645 3179 722 3241 lnet.
743 3175 831 3241 Oret.
854 3178 911 3254 Xl,
932 3180 963 3256 2,
985 3180 1037 3239 51.
1068 3178 1130 3240 Jul.
1151 3178 1229 3240 Poll.
1252 3177 1307 3254 Vl,
1330 3176 1410 3236 108:

268 3280 340 3346 ἐιιιλ
363 3280 417 3346 καλ
438 3275 652 3363 μνημονικὸς
672 3275 727 3365 ηἀ.
770 3279 833 3342 Cic.
853 3282 945 3342 Tuae.
965 3281 988 3358 l,
1009 3283 1063 3342 24.
1109 3280 1149 3340 Et
1171 3280 1286 3359 glorie,
1316 3297 1412 3360 quam

266 3383 356 3446 virne
377 3382 438 3444 aiei
459 3394 642 3462 pepererat,
671 3389 898 3462 postmortem
920 3382 1093 3446 diutieeime
1115 3382 1225 3462 riguit.
1277 3381 1359 3444 Nam
1381 3381 1418 3442 ei

267 3484 441 3547 Pheeeliiae
468 3483 551 3545 civea
573 3483 607 3545 in
628 3485 699 3547 iore
720 3497 854 3548 etetuam
881 3499 1071 3570 posuerunt,
1100 3506 1164 3569 qno
1190 3495 1411 3548 consecrarunt

270 3586 449 3648 memoriam
479 3586 624 3649 neminie.
668 3588 742 3651 Pari
771 3588 866 3652 modo
893 3591 1115 3666 Athenionem,
1148 3587 1233 3650 inter
1261 3607 1343 3669 quoa
1370 3575 1430 3648 ad

268 3690 350 3753 vitae
369 3689 462 3750 finem
478 3709 578 3773 neque
600 3705 739 3754 moretue
761 3705 807 3754 eet
830 3689 980 3779 (σιλισιᾷ
1002 3692 1038 3758 dl
1059 3697 1098 3758 ἐν
1118 3681 1302 3772 Ἀθήναις,
1322 3687 1412 3751 δρία.

268 3814 291 3855 e.
314 3791 375 3878 m),
390 3797 583 3877 'aepulcrunt
607 3794 647 3857 ed
675 3795 758 3860 viam
787 3818 905 3859 caeram
932 3816 996 3859 non
1022 3795 1133 3878 procul
1161 3793 1201 3854 ab
1230 3790 1323 3854 undie
1352 3790 1412 3852 Ce-

271 3896 367 3977 phieei
390 3896 545 3975 iecerunt,
578 3897 886 3962 heudo-Plutarch.
907 3886 951 3964 οὗ
978 3903 1047 3964 ἐστι
1069 3893 1108 3963 ed
1128 3896 1250 3979 μνῆμα
1271 3895 1328 3960 ent
1349 3888 1414 3977 τὴν

271 4000 447 4086 Κυαμῖτιν
468 4001 712 4086 πορευομένοις
732 3995 818 4067 κατὰ
840 3996 903 4085 τὴν
923 3994 1018 4080 λιριὶν
1037 3993 1119 4066 ὁδὸν
1140 3991 1205 4080 τήν
1224 3992 1278 4062 ἐπ’
1292 3987 1414 4061 Ἐλισ-

267 4105 344 4168 Ισῑνα
360 4094 402 4168 eei
421 4103 487 4168 νῦν
504 4103 796 4188 κασιρηριιμέκον,
816 4105 947 4166 Pauean.
958 4102 982 4184 l,
994 4105 1024 4181 3,
1047 4098 1133 4185 quod
1148 4100 1207 4162 ltoc
1221 4097 1413 4179 epigramma

270 4203 400 4266 incieum
423 4205 547 4267 habuitr

348 4303 439 4372 ‘'Hde
460 4300 556 4394 χθών
577 4306 731 4376 κόλποισι
757 4308 948 4395 Φασηλίτην
972 4305 1161 4390 Θεοδέκτην

356 4401 515 4491 κρύπτει,
543 4405 584 4478 ὃν
606 4407 756 4496 ηὔξησαν
777 4414 918 4480 Metione
940 4404 1189 4496 Ὀλυμπιάδες·
