<?xml version="1.0" encoding="UTF-8"?>
<!DOCTYPE html PUBLIC "-//W3C//DTD XHTML 1.0 Transitional//EN"
    "http://www.w3.org/TR/xhtml1/DTD/xhtml1-transitional.dtd">
<html xmlns="http://www.w3.org/1999/xhtml" xml:lang="en" lang="en">
 <head>
  <title>
</title>
<meta http-equiv="Content-Type" content="text/html;charset=utf-8" />
  <meta name='ocr-system' content='tesseract 3.04.00' />
  <meta name='ocr-capabilities' content='ocr_page ocr_carea ocr_par ocr_line ocrx_word'/>
</head>
<body>
  <div class='ocr_page' id='page_1' title='image "./historiacritica01kaysgoog_0056.png"; bbox 0 0 3044 4982; ppageno 0'>
   <div class='ocr_carea' id='block_1_1' title="bbox 813 325 861 399">
    <p class='ocr_par' dir='ltr' id='par_1_1' title="bbox 813 325 861 399">
     <span class='ocr_line' id='line_1_1' title="bbox 813 325 861 399; baseline 0.021 -1"><span class='ocrx_word' id='word_1_1' title='bbox 813 325 861 399; x_wconf 83' lang='grc'><strong>14</strong></span> 
     </span>
    </p>
   </div>
   <div class='ocr_carea' id='block_1_2' title="bbox 218 499 1428 3286">
    <p class='ocr_par' dir='ltr' id='par_1_2' title="bbox 218 499 1418 1938">
     <span class='ocr_line' id='line_1_2' title="bbox 265 499 1416 598; baseline 0.006 -24"><span class='ocrx_word' id='word_1_2' title='bbox 265 534 331 576; x_wconf 84' lang='lat' dir='ltr'><strong>sese</strong></span> <span class='ocrx_word' id='word_1_3' title='bbox 349 514 586 582; x_wconf 80' lang='lat' dir='ltr'><strong>similitudinem</strong></span> <span class='ocrx_word' id='word_1_4' title='bbox 609 499 743 592; x_wconf 83' lang='lat' dir='ltr'><strong>babent,</strong></span> <span class='ocrx_word' id='word_1_5' title='bbox 764 533 889 593; x_wconf 90' lang='lat' dir='ltr'><strong>eorum,</strong></span> <span class='ocrx_word' id='word_1_6' title='bbox 919 515 974 598; x_wconf 87' lang='lat' dir='ltr'><strong>qui</strong></span> <span class='ocrx_word' id='word_1_7' title='bbox 995 517 1144 593; x_wconf 79' lang='lat' dir='ltr'><strong>efferunt,</strong></span> <span class='ocrx_word' id='word_1_8' title='bbox 1177 517 1323 597; x_wconf 80' lang='lat' dir='ltr'><strong>proprias</strong></span> <span class='ocrx_word' id='word_1_9' title='bbox 1345 539 1416 583; x_wconf 89' lang='lat' dir='ltr'><strong>non</strong></span> 
     </span>
     <span class='ocr_line' id='line_1_3' title="bbox 265 616 1417 705; baseline 0.004 -26"><span class='ocrx_word' id='word_1_10' title='bbox 265 637 349 698; x_wconf 87' lang='lat' dir='ltr'><strong>esse,</strong></span> <span class='ocrx_word' id='word_1_11' title='bbox 368 616 433 681; x_wconf 74' lang='lat' dir='ltr'><strong>:sed</strong></span> <span class='ocrx_word' id='word_1_12' title='bbox 449 622 496 686; x_wconf 83' lang='lat' dir='ltr'><strong>ab</strong></span> <span class='ocrx_word' id='word_1_13' title='bbox 517 642 581 684; x_wconf 92' lang='lat' dir='ltr'><strong>nno</strong></span> <span class='ocrx_word' id='word_1_14' title='bbox 602 620 727 705; x_wconf 83' lang='lat' dir='ltr'><strong>quidam</strong></span> <span class='ocrx_word' id='word_1_15' title='bbox 750 621 851 700; x_wconf 85' lang='lat' dir='ltr'><strong>pn&#39;rno</strong></span> <span class='ocrx_word' id='word_1_16' title='bbox 872 619 1028 697; x_wconf 69' lang='lat' dir='ltr'><strong>intentat,</strong></span> <span class='ocrx_word' id='word_1_17' title='bbox 1052 639 1128 682; x_wconf 87' lang='lat' dir='ltr'><strong>mox</strong></span> <span class='ocrx_word' id='word_1_18' title='bbox 1147 625 1251 682; x_wconf 82' lang='lat' dir='ltr'><strong>autem</strong></span> <span class='ocrx_word' id='word_1_19' title='bbox 1277 623 1317 683; x_wconf 90' lang='lat' dir='ltr'><strong>ab</strong></span> <span class='ocrx_word' id='word_1_20' title='bbox 1339 623 1417 684; x_wconf 89' lang='lat' dir='ltr'><strong>aliis</strong></span> 
     </span>
     <span class='ocr_line' id='line_1_4' title="bbox 264 722 1418 804; baseline 0.005 -22"><span class='ocrx_word' id='word_1_21' title='bbox 264 735 404 803; x_wconf 86' lang='lat' dir='ltr'><strong>receptas</strong></span> <span class='ocrx_word' id='word_1_22' title='bbox 427 744 493 786; x_wconf 81' lang='lat' dir='ltr'><strong>asse</strong></span> <span class='ocrx_word' id='word_1_23' title='bbox 515 726 713 801; x_wconf 83' lang='lat' dir='ltr'><strong>existimant,</strong></span> <span class='ocrx_word' id='word_1_24' title='bbox 733 727 843 786; x_wconf 51' lang='lat' dir='ltr'><strong>¹versus</strong></span> <span class='ocrx_word' id='word_1_25' title='bbox 863 722 974 786; x_wconf 77' lang='lat' dir='ltr'><strong>Graeci</strong></span> <span class='ocrx_word' id='word_1_26' title='bbox 995 729 1107 804; x_wconf 68' lang='lat' dir='ltr'><strong>poetae</strong></span> <span class='ocrx_word' id='word_1_27' title='bbox 1127 723 1269 785; x_wconf 83' lang='lat' dir='ltr'><strong>Romano</strong></span> <span class='ocrx_word' id='word_1_28' title='bbox 1290 723 1418 788; x_wconf 87' lang='lat' dir='ltr'><strong>dicere·</strong></span> 
     </span>
     <span class='ocr_line' id='line_1_5' title="bbox 265 827 1418 908; baseline 0.004 -22"><span class='ocrx_word' id='word_1_29' title='bbox 265 846 334 888; x_wconf 91' lang='lat' dir='ltr'><strong>mus</strong></span> <span class='ocrx_word' id='word_1_30' title='bbox 355 828 397 888; x_wconf 89' lang='lat' dir='ltr'><strong>ob</strong></span> <span class='ocrx_word' id='word_1_31' title='bbox 418 829 525 891; x_wconf 81' lang='lat' dir='ltr'><strong>octrlos</strong></span> <span class='ocrx_word' id='word_1_32' title='bbox 546 831 658 908; x_wconf 85' lang='lat' dir='ltr'><strong>fuisse,</strong></span> <span class='ocrx_word' id='word_1_33' title='bbox 691 849 750 890; x_wconf 89' lang='lat' dir='ltr'><strong>nec</strong></span> <span class='ocrx_word' id='word_1_34' title='bbox 772 829 811 889; x_wconf 84' lang='lat' dir='ltr'><strong>ab</strong></span> <span class='ocrx_word' id='word_1_35' title='bbox 835 847 873 888; x_wconf 87' lang='lat' dir='ltr'><strong>eo</strong></span> <span class='ocrx_word' id='word_1_36' title='bbox 894 847 957 889; x_wconf 89' lang='lat' dir='ltr'><strong>non</strong></span> <span class='ocrx_word' id='word_1_37' title='bbox 980 827 1089 889; x_wconf 87' lang='lat' dir='ltr'><strong>sedulo</strong></span> <span class='ocrx_word' id='word_1_38' title='bbox 1111 845 1277 908; x_wconf 83' lang='lat' dir='ltr'><strong>expressos</strong></span> <span class='ocrx_word' id='word_1_39' title='bbox 1297 828 1418 892; x_wconf 84' lang='lat' dir='ltr'><strong>videri.</strong></span> 
     </span>
     <span class='ocr_line' id='line_1_6' title="bbox 264 928 1416 1012; baseline 0.002 -18"><span class='ocrx_word' id='word_1_40' title='bbox 264 928 351 1006; x_wconf 82' lang='lat' dir='ltr'><strong>Quas</strong></span> <span class='ocrx_word' id='word_1_41' title='bbox 374 952 441 993; x_wconf 86' lang='lat' dir='ltr'><strong>cum</strong></span> <span class='ocrx_word' id='word_1_42' title='bbox 464 933 507 994; x_wconf 87' lang='lat' dir='ltr'><strong>ita</strong></span> <span class='ocrx_word' id='word_1_43' title='bbox 530 935 604 1012; x_wconf 85' lang='lat' dir='ltr'><strong>sint,</strong></span> <span class='ocrx_word' id='word_1_44' title='bbox 625 930 824 994; x_wconf 88' lang='lat' dir='ltr'><strong>Burdinus</strong></span> <span class='ocrx_word' id='word_1_45' title='bbox 846 932 1031 994; x_wconf 84' lang='lat' dir='ltr'><strong>mirabiliter</strong></span> <span class='ocrx_word' id='word_1_46' title='bbox 1053 930 1191 1009; x_wconf 78' lang='lat' dir='ltr'><strong>fallitur,</strong></span> <span class='ocrx_word' id='word_1_47' title='bbox 1216 951 1287 993; x_wconf 88' lang='lat' dir='ltr'><strong>cnm</strong></span> <span class='ocrx_word' id='word_1_48' title='bbox 1311 934 1416 996; x_wconf 82' lang='lat' dir='ltr'><strong>Athe·</strong></span> 
     </span>
     <span class='ocr_line' id='line_1_7' title="bbox 264 1031 1414 1118; baseline 0.005 -25"><span class='ocrx_word' id='word_1_49' title='bbox 264 1031 399 1096; x_wconf 81' lang='lat' dir='ltr'><strong>triensem</strong></span> <span class='ocrx_word' id='word_1_50' title='bbox 418 1035 572 1116; x_wconf 77' lang='lat' dir='ltr'><strong>tragicum</strong></span> <span class='ocrx_word' id='word_1_51' title='bbox 594 1035 767 1116; x_wconf 87' lang='lat' dir='ltr'><strong>intelligat,</strong></span> <span class='ocrx_word' id='word_1_52' title='bbox 799 1035 856 1117; x_wconf 90' lang='lat' dir='ltr'><strong>qui</strong></span> <span class='ocrx_word' id='word_1_53' title='bbox 877 1057 895 1096; x_wconf 88' lang='lat' dir='ltr'><strong>s</strong></span> <span class='ocrx_word' id='word_1_54' title='bbox 916 1035 1111 1118; x_wconf 82' lang='lat' dir='ltr'><strong>Mitylenaeo</strong></span> <span class='ocrx_word' id='word_1_55' title='bbox 1139 1033 1236 1094; x_wconf 82' lang='lat' dir='ltr'><strong>luerit</strong></span> <span class='ocrx_word' id='word_1_56' title='bbox 1257 1033 1414 1099; x_wconf 82' lang='lat' dir='ltr'><strong>diuersus.</strong></span> 
     </span>
     <span class='ocr_line' id='line_1_8' title="bbox 265 1131 1413 1224; baseline 0.008 -28"><span class='ocrx_word' id='word_1_57' title='bbox 265 1134 317 1197; x_wconf 85' lang='lat' dir='ltr'><strong>Ait</strong></span> <span class='ocrx_word' id='word_1_58' title='bbox 341 1155 432 1200; x_wconf 80' lang='lat' dir='ltr'><strong>tero:</strong></span> <span class='ocrx_word' id='word_1_59' title='bbox 454 1131 499 1223; x_wconf 68' lang='grc' dir='ltr'><strong>ἦν</strong></span> <span class='ocrx_word' id='word_1_60' title='bbox 519 1135 537 1202; x_wconf 81' lang='grc' dir='ltr'>ὁ</span> <span class='ocrx_word' id='word_1_61' title='bbox 560 1132 748 1223; x_wconf 69' lang='grc' dir='ltr'><strong>Ἀθηναῖοι</strong></span> <span class='ocrx_word' id='word_1_62' title='bbox 769 1133 935 1224; x_wconf 70' lang='grc' dir='ltr'><strong>τραγικὸς,</strong></span> <span class='ocrx_word' id='word_1_63' title='bbox 951 1133 992 1208; x_wconf 72' lang='grc' dir='ltr'><strong>ὅν</strong></span> <span class='ocrx_word' id='word_1_64' title='bbox 1005 1159 1099 1211; x_wconf 73' lang='lat' dir='ltr'><strong>ransc</strong></span> <span class='ocrx_word' id='word_1_65' title='bbox 1118 1135 1257 1203; x_wconf 73' lang='grc' dir='ltr'><strong>θέλουσι</strong></span> <span class='ocrx_word' id='word_1_66' title='bbox 1274 1141 1413 1224; x_wconf 70' lang='lat' dir='ltr'><strong>septiens</strong></span> 
     </span>
     <span class='ocr_line' id='line_1_9' title="bbox 218 1230 1411 1326; baseline 0.005 -25"><span class='ocrx_word' id='word_1_67' title='bbox 218 1295 222 1324; x_wconf 72' lang='grc'>,</span> <span class='ocrx_word' id='word_1_68' title='bbox 263 1235 422 1324; x_wconf 70' lang='grc' dir='ltr'><strong>τραγικὸν</strong></span> <span class='ocrx_word' id='word_1_69' title='bbox 446 1239 634 1326; x_wconf 59' lang='grc' dir='ltr'><strong>γεγομέναι.</strong></span> <span class='ocrx_word' id='word_1_70' title='bbox 669 1230 714 1324; x_wconf 75' lang='grc' dir='ltr'><strong>ἦν</strong></span> <span class='ocrx_word' id='word_1_71' title='bbox 739 1238 776 1306; x_wconf 81' lang='lat' dir='ltr'><strong>dl</strong></span> <span class='ocrx_word' id='word_1_72' title='bbox 806 1239 863 1306; x_wconf 80' lang='lat' dir='ltr'><strong>aul</strong></span> <span class='ocrx_word' id='word_1_73' title='bbox 892 1235 994 1316; x_wconf 74' lang='lat' dir='ltr'><strong>sillae</strong></span> <span class='ocrx_word' id='word_1_74' title='bbox 1020 1262 1074 1312; x_wconf 76' lang='lat' dir='ltr'><strong>ccc</strong></span> <span class='ocrx_word' id='word_1_75' title='bbox 1098 1238 1330 1321; x_wconf 73' lang='grc' dir='ltr'><strong>Μιτυληναῖος</strong></span> <span class='ocrx_word' id='word_1_76' title='bbox 1349 1242 1411 1307; x_wconf 75' lang='lat' dir='ltr'><strong>eccl</strong></span> 
     </span>
     <span class='ocr_line' id='line_1_10' title="bbox 262 1336 1412 1432; baseline 0.002 -26"><span class='ocrx_word' id='word_1_77' title='bbox 262 1337 362 1415; x_wconf 76' lang='grc' dir='ltr'><em>ἄλλος</em></span> <span class='ocrx_word' id='word_1_78' title='bbox 383 1336 589 1425; x_wconf 72' lang='grc' dir='ltr'><strong>Ἀθηναῖοι,</strong></span> <span class='ocrx_word' id='word_1_79' title='bbox 615 1339 759 1426; x_wconf 70' lang='grc' dir='ltr'><strong>κωμικὸς</strong></span> <span class='ocrx_word' id='word_1_80' title='bbox 779 1343 841 1427; x_wconf 70' lang='grc' dir='ltr'><strong>τῆς</strong></span> <span class='ocrx_word' id='word_1_81' title='bbox 867 1337 1009 1432; x_wconf 73' lang='grc' dir='ltr'><strong>ἀρχαίας</strong></span> <span class='ocrx_word' id='word_1_82' title='bbox 1038 1338 1211 1427; x_wconf 66' lang='grc' dir='ltr'><strong>κωμῳδίαι·</strong></span> <span class='ocrx_word' id='word_1_83' title='bbox 1238 1342 1412 1425; x_wconf 73' lang='grc' dir='ltr'><strong>πέμπτος,</strong></span> 
     </span>
     <span class='ocr_line' id='line_1_11' title="bbox 262 1437 1410 1530; baseline -0.001 -22"><span class='ocrx_word' id='word_1_84' title='bbox 262 1437 333 1514; x_wconf 73' lang='grc' dir='ltr'><strong>υἱὸς</strong></span> <span class='ocrx_word' id='word_1_85' title='bbox 354 1443 558 1522; x_wconf 72' lang='lat' dir='ltr'><strong>nt&#39;Mtuuon,</strong></span> <span class='ocrx_word' id='word_1_86' title='bbox 581 1439 673 1518; x_wconf 75' lang='lat' dir='ltr'><strong>dmm</strong></span> <span class='ocrx_word' id='word_1_87' title='bbox 694 1450 827 1528; x_wconf 59' lang='lat' dir='ltr'><strong>ippone*</strong></span> <span class='ocrx_word' id='word_1_88' title='bbox 842 1439 1000 1530; x_wconf 73' lang='grc' dir='ltr'><strong>δράματα</strong></span> <span class='ocrx_word' id='word_1_89' title='bbox 1024 1443 1116 1515; x_wconf 75' lang='lat' dir='ltr'><strong>disto.</strong></span> <span class='ocrx_word' id='word_1_90' title='bbox 1160 1443 1202 1507; x_wconf 77' lang='lat' dir='ltr'><strong>At</strong></span> <span class='ocrx_word' id='word_1_91' title='bbox 1221 1444 1297 1507; x_wconf 86' lang='lat' dir='ltr'><strong>baec</strong></span> <span class='ocrx_word' id='word_1_92' title='bbox 1312 1445 1410 1507; x_wconf 88' lang='lat' dir='ltr'><strong>Bur-</strong></span> 
     </span>
     <span class='ocr_line' id='line_1_12' title="bbox 262 1543 1410 1630; baseline 0.003 -24"><span class='ocrx_word' id='word_1_93' title='bbox 262 1545 378 1608; x_wconf 90' lang='lat' dir='ltr'><strong>dinus</strong></span> <span class='ocrx_word' id='word_1_94' title='bbox 399 1545 461 1609; x_wconf 90' lang='lat' dir='ltr'><strong>sibi</strong></span> <span class='ocrx_word' id='word_1_95' title='bbox 480 1553 543 1608; x_wconf 88' lang='lat' dir='ltr'><strong>non&#39;</strong></span> <span class='ocrx_word' id='word_1_96' title='bbox 567 1545 668 1622; x_wconf 80' lang='lat' dir='ltr'><strong>finxit,</strong></span> <span class='ocrx_word' id='word_1_97' title='bbox 689 1543 743 1608; x_wconf 87' lang='lat' dir='ltr'><strong>scd</strong></span> <span class='ocrx_word' id='word_1_98' title='bbox 765 1545 904 1630; x_wconf 57' lang='lat' dir='ltr'><strong>e38uida</strong></span> <span class='ocrx_word' id='word_1_99' title='bbox 922 1546 1096 1627; x_wconf 87' lang='lat' dir='ltr'><strong>descripsit,</strong></span> <span class='ocrx_word' id='word_1_100' title='bbox 1118 1545 1185 1630; x_wconf 88' lang='lat' dir='ltr'><strong>qui,</strong></span> <span class='ocrx_word' id='word_1_101' title='bbox 1206 1568 1274 1610; x_wconf 90' lang='lat' dir='ltr'><strong>cum</strong></span> <span class='ocrx_word' id='word_1_102' title='bbox 1291 1559 1322 1612; x_wconf 89' lang='lat' dir='ltr'><strong>ct</strong></span> <span class='ocrx_word' id='word_1_103' title='bbox 1343 1569 1410 1612; x_wconf 89' lang='lat' dir='ltr'><strong>me·</strong></span> 
     </span>
     <span class='ocr_line' id='line_1_13' title="bbox 263 1648 1407 1732; baseline 0.008 -24"><span class='ocrx_word' id='word_1_104' title='bbox 263 1649 355 1711; x_wconf 89' lang='lat' dir='ltr'><strong>licum</strong></span> <span class='ocrx_word' id='word_1_105' title='bbox 377 1660 409 1710; x_wconf 87' lang='lat' dir='ltr'><strong>st</strong></span> <span class='ocrx_word' id='word_1_106' title='bbox 430 1649 579 1711; x_wconf 88' lang='lat' dir='ltr'><strong>comicum</strong></span> <span class='ocrx_word' id='word_1_107' title='bbox 601 1650 878 1732; x_wconf 80' lang='lat' dir='ltr'><strong>commemoret1),</strong></span> <span class='ocrx_word' id='word_1_108' title='bbox 899 1651 1120 1714; x_wconf 72' lang='lat' dir='ltr'>Atheniensem</span> <span class='ocrx_word' id='word_1_109' title='bbox 1141 1648 1237 1714; x_wconf 85' lang='lat' dir='ltr'><strong>tradit</strong></span> <span class='ocrx_word' id='word_1_110' title='bbox 1257 1653 1407 1716; x_wconf 74' lang='lat' dir='ltr'><strong>Alcaeum</strong></span> 
     </span>
     <span class='ocr_line' id='line_1_14' title="bbox 262 1752 1408 1835; baseline 0.005 -23"><span class='ocrx_word' id='word_1_111' title='bbox 262 1752 374 1829; x_wconf 85' lang='lat' dir='ltr'><strong>luisse,</strong></span> <span class='ocrx_word' id='word_1_112' title='bbox 400 1771 495 1834; x_wconf 86' lang='lat' dir='ltr'><strong>qoem</strong></span> <span class='ocrx_word' id='word_1_113' title='bbox 521 1753 669 1816; x_wconf 84' lang='lat' dir='ltr'><strong>nonnulli</strong></span> <span class='ocrx_word' id='word_1_114' title='bbox 692 1752 880 1832; x_wconf 76' lang='lat' dir='ltr'><strong>tragicorum</strong></span> <span class='ocrx_word' id='word_1_115' title='bbox 903 1754 1090 1835; x_wconf 76' lang='lat' dir='ltr'><strong>perhibeant</strong></span> <span class='ocrx_word' id='word_1_116' title='bbox 1111 1753 1295 1835; x_wconf 72' lang='lat' dir='ltr'><strong>principem.</strong></span> <span class='ocrx_word' id='word_1_117' title='bbox 1342 1755 1408 1818; x_wconf 88' lang='lat' dir='ltr'><strong>Eu·</strong></span> 
     </span>
     <span class='ocr_line' id='line_1_15' title="bbox 261 1853 781 1938; baseline -0.004 -20"><span class='ocrx_word' id='word_1_118' title='bbox 261 1853 350 1918; x_wconf 87' lang='lat' dir='ltr'><strong>decia</strong></span> <span class='ocrx_word' id='word_1_119' title='bbox 372 1877 405 1936; x_wconf 84' lang='lat' dir='ltr'><strong>p.</strong></span> <span class='ocrx_word' id='word_1_120' title='bbox 414 1858 458 1918; x_wconf 82' lang='lat' dir='ltr'><strong>oo</strong></span> <span class='ocrx_word' id='word_1_121' title='bbox 477 1853 607 1919; x_wconf 81' lang='lat' dir='ltr'><strong>Suidarn</strong></span> <span class='ocrx_word' id='word_1_122' title='bbox 628 1855 781 1938; x_wconf 86' lang='lat' dir='ltr'><strong>sequitur.</strong></span> 
     </span>
    </p>

    <p class='ocr_par' dir='ltr' id='par_1_3' title="bbox 259 1955 1428 3286">
     <span class='ocr_line' id='line_1_16' title="bbox 345 1955 1408 2036; baseline 0.004 -16"><span class='ocrx_word' id='word_1_123' title='bbox 345 1961 414 2024; x_wconf 87' lang='lat' dir='ltr'><strong>Jarn</strong></span> <span class='ocrx_word' id='word_1_124' title='bbox 431 1973 465 2021; x_wconf 91' lang='lat' dir='ltr'><strong>ut</strong></span> <span class='ocrx_word' id='word_1_125' title='bbox 481 1957 629 2021; x_wconf 83' lang='lat' dir='ltr'><strong>mendum</strong></span> <span class='ocrx_word' id='word_1_126' title='bbox 651 1959 823 2026; x_wconf 90' lang='lat' dir='ltr'><strong>Burdini</strong></span> <span class='ocrx_word' id='word_1_127' title='bbox 845 1961 1014 2036; x_wconf 88' lang='lat' dir='ltr'><strong>mittamus,</strong></span> <span class='ocrx_word' id='word_1_128' title='bbox 1036 1960 1063 2020; x_wconf 90' lang='lat' dir='ltr'><strong>si</strong></span> <span class='ocrx_word' id='word_1_129' title='bbox 1077 1955 1169 2023; x_wconf 84' lang='lat' dir='ltr'><strong>modo</strong></span> <span class='ocrx_word' id='word_1_130' title='bbox 1183 1958 1211 2020; x_wconf 92' lang='lat' dir='ltr'><strong>is</strong></span> <span class='ocrx_word' id='word_1_131' title='bbox 1232 1956 1408 2024; x_wconf 83' lang='lat' dir='ltr'><strong>doctrinam</strong></span> 
     </span>
     <span class='ocr_line' id='line_1_17' title="bbox 260 2059 1409 2143; baseline 0.003 -20"><span class='ocrx_word' id='word_1_132' title='bbox 260 2060 452 2142; x_wconf 78' lang='lat' dir='ltr'><strong>grammatici</strong></span> <span class='ocrx_word' id='word_1_133' title='bbox 473 2060 741 2140; x_wconf 88' lang='lat' dir='ltr'><strong>importunolcco</strong></span> <span class='ocrx_word' id='word_1_134' title='bbox 756 2059 987 2142; x_wconf 81' lang='lat' dir='ltr'><strong>deprompsisse</strong></span> <span class='ocrx_word' id='word_1_135' title='bbox 1003 2060 1138 2141; x_wconf 86' lang='lat' dir='ltr'><strong>videtur,</strong></span> <span class='ocrx_word' id='word_1_136' title='bbox 1159 2059 1239 2143; x_wconf 89' lang='lat' dir='ltr'><strong>quid</strong></span> <span class='ocrx_word' id='word_1_137' title='bbox 1258 2064 1349 2126; x_wconf 89' lang='lat' dir='ltr'><strong>nobis</strong></span> <span class='ocrx_word' id='word_1_138' title='bbox 1366 2063 1409 2126; x_wconf 91' lang='lat' dir='ltr'><strong>de</strong></span> 
     </span>
     <span class='ocr_line' id='line_1_18' title="bbox 260 2161 1411 2252; baseline 0.002 -24"><span class='ocrx_word' id='word_1_139' title='bbox 260 2166 460 2252; x_wconf 83' lang='lat' dir='ltr'><strong>ipso.Alcaeo</strong></span> <span class='ocrx_word' id='word_1_140' title='bbox 480 2161 679 2240; x_wconf 86' lang='lat' dir='ltr'><strong>judicandum</strong></span> <span class='ocrx_word' id='word_1_141' title='bbox 702 2178 759 2244; x_wconf 88' lang='lat' dir='ltr'><strong>est,</strong></span> <span class='ocrx_word' id='word_1_142' title='bbox 780 2166 836 2248; x_wconf 89' lang='lat' dir='ltr'><strong>qui</strong></span> <span class='ocrx_word' id='word_1_143' title='bbox 858 2167 978 2247; x_wconf 89' lang='lat' dir='ltr'><strong>primus</strong></span> <span class='ocrx_word' id='word_1_144' title='bbox 999 2166 1034 2228; x_wconf 89' lang='lat' dir='ltr'><strong>in</strong></span> <span class='ocrx_word' id='word_1_145' title='bbox 1053 2167 1112 2232; x_wconf 87' lang='lat' dir='ltr'><strong>ilio</strong></span> <span class='ocrx_word' id='word_1_146' title='bbox 1133 2185 1245 2246; x_wconf 77' lang='lat' dir='ltr'><strong>genere</strong></span> <span class='ocrx_word' id='word_1_147' title='bbox 1269 2168 1411 2250; x_wconf 73' lang='lat' dir='ltr'><strong>appellu-</strong></span> 
     </span>
     <span class='ocr_line' id='line_1_19' title="bbox 260 2267 1408 2352; baseline 0 -20"><span class='ocrx_word' id='word_1_148' title='bbox 260 2267 335 2334; x_wconf 84' lang='lat' dir='ltr'><strong>turi</strong></span> <span class='ocrx_word' id='word_1_149' title='bbox 379 2267 472 2334; x_wconf 83' lang='lat' dir='ltr'><strong>Unde</strong></span> <span class='ocrx_word' id='word_1_150' title='bbox 494 2269 706 2332; x_wconf 73' lang='lat' dir='ltr'><strong>narrationem</strong></span> <span class='ocrx_word' id='word_1_151' title='bbox 728 2291 887 2334; x_wconf 88' lang='lat' dir='ltr'><strong>censemus</strong></span> <span class='ocrx_word' id='word_1_152' title='bbox 908 2272 966 2332; x_wconf 80' lang='lat' dir='ltr'><strong>hec</strong></span> <span class='ocrx_word' id='word_1_153' title='bbox 987 2271 1054 2352; x_wconf 85' lang='lat' dir='ltr'><strong>ipse</strong></span> <span class='ocrx_word' id='word_1_154' title='bbox 1084 2268 1123 2332; x_wconf 89' lang='lat' dir='ltr'><strong>de</strong></span> <span class='ocrx_word' id='word_1_155' title='bbox 1146 2289 1252 2334; x_wconf 87' lang='lat' dir='ltr'><strong>caussa</strong></span> <span class='ocrx_word' id='word_1_156' title='bbox 1279 2269 1408 2334; x_wconf 85' lang='lat' dir='ltr'><strong>dubiam</strong></span> 
     </span>
     <span class='ocr_line' id='line_1_20' title="bbox 261 2363 1428 2458; baseline 0.002 -22"><span class='ocrx_word' id='word_1_157' title='bbox 261 2375 398 2452; x_wconf 85' lang='lat' dir='ltr'><strong>fluxisse,</strong></span> <span class='ocrx_word' id='word_1_158' title='bbox 421 2371 506 2456; x_wconf 87' lang='lat' dir='ltr'><strong>qood</strong></span> <span class='ocrx_word' id='word_1_159' title='bbox 525 2369 565 2439; x_wconf 75' lang='grc' dir='ltr'><strong>ὃν</strong></span> <span class='ocrx_word' id='word_1_160' title='bbox 589 2397 678 2446; x_wconf 70' lang='grc' dir='ltr'><strong>τινες</strong></span> <span class='ocrx_word' id='word_1_161' title='bbox 700 2375 839 2440; x_wconf 70' lang='grc' dir='ltr'><strong>θέλουσι</strong></span> <span class='ocrx_word' id='word_1_162' title='bbox 857 2376 991 2458; x_wconf 74' lang='grc' dir='ltr'><strong><em>πρῶτον</em></strong></span> <span class='ocrx_word' id='word_1_163' title='bbox 1005 2375 1099 2438; x_wconf 69' lang='lat' dir='ltr'><strong>euml.</strong></span> <span class='ocrx_word' id='word_1_164' title='bbox 1121 2370 1269 2436; x_wconf 78' lang='lat' dir='ltr'><strong>additur?</strong></span> <span class='ocrx_word' id='word_1_165' title='bbox 1290 2363 1428 2438; x_wconf 78' lang='lat' dir='ltr'><strong>urrun&#39;</strong></span> 
     </span>
     <span class='ocr_line' id='line_1_21' title="bbox 261 2475 1409 2560; baseline -0.001 -20"><span class='ocrx_word' id='word_1_166' title='bbox 261 2479 331 2540; x_wconf 87' lang='lat' dir='ltr'><strong>aliis</strong></span> <span class='ocrx_word' id='word_1_167' title='bbox 354 2499 395 2539; x_wconf 86' lang='lat' dir='ltr'><strong>ex</strong></span> <span class='ocrx_word' id='word_1_168' title='bbox 416 2477 572 2554; x_wconf 82' lang='lat' dir='ltr'><strong>lontibus,</strong></span> <span class='ocrx_word' id='word_1_169' title='bbox 602 2497 642 2537; x_wconf 88' lang='lat' dir='ltr'><strong>an</strong></span> <span class='ocrx_word' id='word_1_170' title='bbox 672 2475 843 2558; x_wconf 69' lang='lat' dir='ltr'><strong>deperditis</strong></span> <span class='ocrx_word' id='word_1_171' title='bbox 869 2490 1009 2542; x_wconf 79' lang='lat' dir='ltr'><strong>veterum</strong></span> <span class='ocrx_word' id='word_1_172' title='bbox 1039 2477 1185 2555; x_wconf 85' lang='lat' dir='ltr'><strong>scholiis,</strong></span> <span class='ocrx_word' id='word_1_173' title='bbox 1214 2477 1409 2560; x_wconf 83' lang='lat' dir='ltr'><strong>quasillum</strong></span> 
     </span>
     <span class='ocr_line' id='line_1_22' title="bbox 262 2561 1411 2665; baseline 0 -23"><span class='ocrx_word' id='word_1_174' title='bbox 262 2579 481 2662; x_wconf 73' lang='lat' dir='ltr'><strong>Aristophanis</strong></span> <span class='ocrx_word' id='word_1_175' title='bbox 504 2582 606 2642; x_wconf 90' lang='lat' dir='ltr'><strong>locum</strong></span> <span class='ocrx_word' id='word_1_176' title='bbox 631 2578 853 2645; x_wconf 80' lang='lat' dir='ltr'><strong>illustrabant?</strong></span> <span class='ocrx_word' id='word_1_177' title='bbox 896 2581 1048 2665; x_wconf 84' lang='lat' dir='ltr'><strong>Equidem</strong></span> <span class='ocrx_word' id='word_1_178' title='bbox 1060 2561 1213 2662; x_wconf 82' lang='lat' dir='ltr'><strong>originem</strong></span> <span class='ocrx_word' id='word_1_179' title='bbox 1230 2587 1295 2660; x_wconf 83' lang='lat' dir='ltr'><strong>ejus</strong></span> <span class='ocrx_word' id='word_1_180' title='bbox 1315 2603 1333 2642; x_wconf 87' lang='lat' dir='ltr'><strong>a</strong></span> <span class='ocrx_word' id='word_1_181' title='bbox 1355 2601 1411 2643; x_wconf 81' lang='lat' dir='ltr'><strong>ve·</strong></span> 
     </span>
     <span class='ocr_line' id='line_1_23' title="bbox 261 2682 1409 2769; baseline 0.003 -26"><span class='ocrx_word' id='word_1_182' title='bbox 261 2683 354 2746; x_wconf 88' lang='lat' dir='ltr'><strong>tostis</strong></span> <span class='ocrx_word' id='word_1_183' title='bbox 376 2683 486 2750; x_wconf 87' lang='lat' dir='ltr'><strong>cornici</strong></span> <span class='ocrx_word' id='word_1_184' title='bbox 507 2682 734 2766; x_wconf 86' lang='lat' dir='ltr'><strong>interpretibus</strong></span> <span class='ocrx_word' id='word_1_185' title='bbox 754 2683 909 2764; x_wconf 82' lang='lat' dir='ltr'><strong>duxerim,</strong></span> <span class='ocrx_word' id='word_1_186' title='bbox 931 2707 949 2747; x_wconf 89' lang='lat' dir='ltr'><strong>a</strong></span> <span class='ocrx_word' id='word_1_187' title='bbox 970 2686 1085 2769; x_wconf 88' lang='lat' dir='ltr'><strong>quibus</strong></span> <span class='ocrx_word' id='word_1_188' title='bbox 1102 2698 1165 2748; x_wconf 88' lang='lat' dir='ltr'><strong>tam</strong></span> <span class='ocrx_word' id='word_1_189' title='bbox 1181 2687 1280 2748; x_wconf 87' lang='lat' dir='ltr'><strong>multa</strong></span> <span class='ocrx_word' id='word_1_190' title='bbox 1295 2683 1409 2747; x_wconf 79' lang='lat' dir='ltr'><strong>Stridon</strong></span> 
     </span>
     <span class='ocr_line' id='line_1_24' title="bbox 261 2787 1411 2874; baseline -0.001 -23"><span class='ocrx_word' id='word_1_191' title='bbox 261 2789 364 2870; x_wconf 91' lang='lat' dir='ltr'><strong>petiit.</strong></span> <span class='ocrx_word' id='word_1_192' title='bbox 406 2788 461 2850; x_wconf 87' lang='lat' dir='ltr'><strong>Est</strong></span> <span class='ocrx_word' id='word_1_193' title='bbox 480 2787 564 2850; x_wconf 76' lang='lat' dir='ltr'><strong>snitu</strong></span> <span class='ocrx_word' id='word_1_194' title='bbox 588 2789 663 2852; x_wconf 85' lang='lat' dir='ltr'><strong>baec</strong></span> <span class='ocrx_word' id='word_1_195' title='bbox 685 2790 767 2852; x_wconf 86' lang='lat' dir='ltr'><strong>ratio</strong></span> <span class='ocrx_word' id='word_1_196' title='bbox 791 2789 999 2866; x_wconf 72' lang='lat' dir='ltr'><strong>scholiastae,</strong></span> <span class='ocrx_word' id='word_1_197' title='bbox 1033 2811 1127 2874; x_wconf 89' lang='lat' dir='ltr'><strong>quem</strong></span> <span class='ocrx_word' id='word_1_198' title='bbox 1149 2787 1258 2854; x_wconf 81' lang='lat' dir='ltr'><strong>Suidos</strong></span> <span class='ocrx_word' id='word_1_199' title='bbox 1279 2787 1319 2850; x_wconf 90' lang='lat' dir='ltr'><strong>ad</strong></span> <span class='ocrx_word' id='word_1_200' title='bbox 1343 2803 1411 2852; x_wconf 88' lang='lat' dir='ltr'><strong>uta·</strong></span> 
     </span>
     <span class='ocr_line' id='line_1_25' title="bbox 262 2889 1411 2976; baseline -0.001 -22"><span class='ocrx_word' id='word_1_201' title='bbox 262 2913 321 2954; x_wconf 88' lang='lat' dir='ltr'><strong>nus</strong></span> <span class='ocrx_word' id='word_1_202' title='bbox 343 2889 471 2970; x_wconf 91' lang='lat' dir='ltr'><strong>habuit,</strong></span> <span class='ocrx_word' id='word_1_203' title='bbox 495 2910 654 2973; x_wconf 81' lang='lat' dir='ltr'><strong>quernque</strong></span> <span class='ocrx_word' id='word_1_204' title='bbox 672 2891 714 2954; x_wconf 82' lang='lat' dir='ltr'><strong>ad</strong></span> <span class='ocrx_word' id='word_1_205' title='bbox 737 2894 867 2956; x_wconf 80' lang='lat' dir='ltr'><strong>verbum</strong></span> <span class='ocrx_word' id='word_1_206' title='bbox 888 2893 1071 2976; x_wconf 80' lang='lat' dir='ltr'><strong>exscripsit,</strong></span> <span class='ocrx_word' id='word_1_207' title='bbox 1100 2905 1136 2958; x_wconf 92' lang='lat' dir='ltr'><strong>ut</strong></span> <span class='ocrx_word' id='word_1_208' title='bbox 1155 2891 1411 2972; x_wconf 83' lang='lat' dir='ltr'><strong>locupletissimis</strong></span> 
     </span>
     <span class='ocr_line' id='line_1_26' title="bbox 260 2993 1410 3076; baseline 0 -18"><span class='ocrx_word' id='word_1_209' title='bbox 260 3015 299 3058; x_wconf 84' lang='lat' dir='ltr'><strong>ac</strong></span> <span class='ocrx_word' id='word_1_210' title='bbox 318 2993 482 3074; x_wconf 76' lang='lat' dir='ltr'><strong>sagacitate</strong></span> <span class='ocrx_word' id='word_1_211' title='bbox 505 2994 605 3075; x_wconf 83' lang='lat' dir='ltr'><strong>plenis</strong></span> <span class='ocrx_word' id='word_1_212' title='bbox 626 2995 856 3060; x_wconf 88' lang='lat' dir='ltr'><strong>commentariis</strong></span> <span class='ocrx_word' id='word_1_213' title='bbox 877 3017 951 3060; x_wconf 87' lang='lat' dir='ltr'><strong>usus</strong></span> <span class='ocrx_word' id='word_1_214' title='bbox 972 2998 1035 3060; x_wconf 86' lang='lat' dir='ltr'><strong>alia</strong></span> <span class='ocrx_word' id='word_1_215' title='bbox 1057 3010 1119 3060; x_wconf 89' lang='lat' dir='ltr'><strong>tam</strong></span> <span class='ocrx_word' id='word_1_216' title='bbox 1140 2995 1250 3060; x_wconf 85' lang='lat' dir='ltr'><strong>mutila</strong></span> <span class='ocrx_word' id='word_1_217' title='bbox 1269 3006 1300 3057; x_wconf 89' lang='lat' dir='ltr'><strong>et</strong></span> <span class='ocrx_word' id='word_1_218' title='bbox 1317 2997 1410 3076; x_wconf 89' lang='lat' dir='ltr'><strong>quasi</strong></span> 
     </span>
     <span class='ocr_line' id='line_1_27' title="bbox 259 3097 1408 3182; baseline 0.003 -22"><span class='ocrx_word' id='word_1_219' title='bbox 259 3097 423 3160; x_wconf 76' lang='lat' dir='ltr'><strong>demetata</strong></span> <span class='ocrx_word' id='word_1_220' title='bbox 444 3109 620 3178; x_wconf 85' lang='lat' dir='ltr'><strong>proponat,</strong></span> <span class='ocrx_word' id='word_1_221' title='bbox 650 3111 693 3164; x_wconf 83' lang='lat' dir='ltr'><strong>ut</strong></span> <span class='ocrx_word' id='word_1_222' title='bbox 706 3099 761 3164; x_wconf 80' lang='lat' dir='ltr'><strong>vix</strong></span> <span class='ocrx_word' id='word_1_223' title='bbox 782 3099 919 3181; x_wconf 83' lang='lat' dir='ltr'><strong>intelligi</strong></span> <span class='ocrx_word' id='word_1_224' title='bbox 935 3103 1070 3182; x_wconf 87' lang='lat' dir='ltr'><strong>possint,</strong></span> <span class='ocrx_word' id='word_1_225' title='bbox 1098 3101 1160 3162; x_wconf 87' lang='lat' dir='ltr'><strong>alia</strong></span> <span class='ocrx_word' id='word_1_226' title='bbox 1180 3111 1230 3162; x_wconf 88' lang='lat' dir='ltr'><strong>tot</strong></span> <span class='ocrx_word' id='word_1_227' title='bbox 1251 3100 1336 3164; x_wconf 83' lang='lat' dir='ltr'><strong>vitiis</strong></span> <span class='ocrx_word' id='word_1_228' title='bbox 1358 3101 1408 3164; x_wconf 89' lang='lat' dir='ltr'><strong>in·</strong></span> 
     </span>
     <span class='ocr_line' id='line_1_28' title="bbox 261 3201 1407 3286; baseline 0.002 -22"><span class='ocrx_word' id='word_1_229' title='bbox 261 3203 406 3286; x_wconf 80' lang='lat' dir='ltr'><strong>quinnta‘,</strong></span> <span class='ocrx_word' id='word_1_230' title='bbox 436 3214 517 3284; x_wconf 85' lang='lat' dir='ltr'><strong>quot</strong></span> <span class='ocrx_word' id='word_1_231' title='bbox 536 3203 685 3264; x_wconf 84' lang='lat' dir='ltr'><strong>bomines&#39;</strong></span> <span class='ocrx_word' id='word_1_232' title='bbox 702 3203 897 3268; x_wconf 84' lang='lat' dir='ltr'><strong>committere</strong></span> <span class='ocrx_word' id='word_1_233' title='bbox 922 3205 1042 3279; x_wconf 86' lang='lat' dir='ltr'><strong>solent,</strong></span> <span class='ocrx_word' id='word_1_234' title='bbox 1071 3201 1186 3283; x_wconf 84' lang='lat' dir='ltr'><strong>quibus</strong></span> <span class='ocrx_word' id='word_1_235' title='bbox 1211 3219 1275 3264; x_wconf 91' lang='lat' dir='ltr'><strong>non</strong></span> <span class='ocrx_word' id='word_1_236' title='bbox 1304 3203 1407 3266; x_wconf 89' lang='lat' dir='ltr'><strong>solum</strong></span> 
     </span>
    </p>
   </div>
   <div class='ocr_carea' id='block_1_3' title="bbox 260 3301 1514 3386">
    <p class='ocr_par' dir='ltr' id='par_1_4' title="bbox 260 3301 1514 3386">
     <span class='ocr_line' id='line_1_29' title="bbox 260 3301 1514 3386; baseline -0.001 -20"><span class='ocrx_word' id='word_1_237' title='bbox 260 3305 420 3381; x_wconf 79' lang='lat' dir='ltr'><strong>sluctrins,</strong></span> <span class='ocrx_word' id='word_1_238' title='bbox 450 3303 505 3366; x_wconf 90' lang='lat' dir='ltr'><strong>sed</strong></span> <span class='ocrx_word' id='word_1_239' title='bbox 531 3305 632 3366; x_wconf 83' lang='lat' dir='ltr'><strong>omnis</strong></span> <span class='ocrx_word' id='word_1_240' title='bbox 655 3321 782 3384; x_wconf 85' lang='lat' dir='ltr'><strong>quoque</strong></span> <span class='ocrx_word' id='word_1_241' title='bbox 803 3301 971 3382; x_wconf 86' lang='lat' dir='ltr'><strong>prudentia</strong></span> <span class='ocrx_word' id='word_1_242' title='bbox 999 3323 1169 3386; x_wconf 88' lang='lat' dir='ltr'><strong>rerumque</strong></span> <span class='ocrx_word' id='word_1_243' title='bbox 1193 3305 1329 3384; x_wconf 80' lang='lat' dir='ltr'><strong>cognitio</strong></span> <span class='ocrx_word' id='word_1_244' title='bbox 1351 3305 1408 3368; x_wconf 88' lang='lat' dir='ltr'><strong>de·</strong></span> <span class='ocrx_word' id='word_1_245' title='bbox 1513 3305 1514 3320; x_wconf 58' lang='lat'>*</span> 
     </span>
    </p>
   </div>
   <div class='ocr_carea' id='block_1_4' title="bbox 261 3403 1407 4006">
    <p class='ocr_par' dir='ltr' id='par_1_5' title="bbox 261 3403 1407 4006">
     <span class='ocr_line' id='line_1_30' title="bbox 263 3403 1407 3490; baseline 0 -20"><span class='ocrx_word' id='word_1_246' title='bbox 263 3420 320 3470; x_wconf 87' lang='lat' dir='ltr'><strong>cst.</strong></span> <span class='ocrx_word' id='word_1_247' title='bbox 374 3403 461 3480; x_wconf 86' lang='lat' dir='ltr'><strong>Quae</strong></span> <span class='ocrx_word' id='word_1_248' title='bbox 490 3424 561 3466; x_wconf 84' lang='lat' dir='ltr'><strong>cuns</strong></span> <span class='ocrx_word' id='word_1_249' title='bbox 588 3405 633 3466; x_wconf 91' lang='lat' dir='ltr'><strong>ita</strong></span> <span class='ocrx_word' id='word_1_250' title='bbox 661 3404 742 3482; x_wconf 80' lang='lat' dir='ltr'><strong>sint,</strong></span> <span class='ocrx_word' id='word_1_251' title='bbox 772 3423 836 3486; x_wconf 85' lang='lat' dir='ltr'><strong>quo</strong></span> <span class='ocrx_word' id='word_1_252' title='bbox 850 3404 1018 3484; x_wconf 68' lang='lat' dir='ltr'><strong>emtione,</strong></span> <span class='ocrx_word' id='word_1_253' title='bbox 1050 3424 1177 3490; x_wconf 86' lang='lat' dir='ltr'><strong>quoque</strong></span> <span class='ocrx_word' id='word_1_254' title='bbox 1198 3410 1290 3487; x_wconf 86' lang='lat' dir='ltr'><strong>plura</strong></span> <span class='ocrx_word' id='word_1_255' title='bbox 1311 3409 1345 3470; x_wconf 89' lang='lat' dir='ltr'><strong>io</strong></span> <span class='ocrx_word' id='word_1_256' title='bbox 1368 3429 1407 3470; x_wconf 90' lang='lat' dir='ltr'><strong>co</strong></span> 
     </span>
     <span class='ocr_line' id='line_1_31' title="bbox 263 3507 1407 3590; baseline 0.002 -18"><span class='ocrx_word' id='word_1_257' title='bbox 263 3507 375 3588; x_wconf 76' lang='lat' dir='ltr'><strong>ruenda</strong></span> <span class='ocrx_word' id='word_1_258' title='bbox 393 3507 587 3584; x_wconf 79' lang='lat' dir='ltr'><strong>invenimus,</strong></span> <span class='ocrx_word' id='word_1_259' title='bbox 614 3527 653 3570; x_wconf 87' lang='lat' dir='ltr'><strong>eo</strong></span> <span class='ocrx_word' id='word_1_260' title='bbox 682 3508 802 3574; x_wconf 86' lang='lat' dir='ltr'><strong>cautius</strong></span> <span class='ocrx_word' id='word_1_261' title='bbox 833 3509 924 3572; x_wconf 88' lang='lat' dir='ltr'><strong>nobis</strong></span> <span class='ocrx_word' id='word_1_262' title='bbox 946 3509 1100 3590; x_wconf 82' lang='lat' dir='ltr'><strong>agendum</strong></span> <span class='ocrx_word' id='word_1_263' title='bbox 1130 3523 1195 3590; x_wconf 88' lang='lat' dir='ltr'><strong>ast,</strong></span> <span class='ocrx_word' id='word_1_264' title='bbox 1227 3524 1263 3576; x_wconf 88' lang='lat' dir='ltr'><strong>ut</strong></span> <span class='ocrx_word' id='word_1_265' title='bbox 1283 3523 1407 3576; x_wconf 79' lang='lat' dir='ltr'><strong>veteres</strong></span> 
     </span>
     <span class='ocr_line' id='line_1_32' title="bbox 261 3611 1407 3695; baseline 0.002 -21"><span class='ocrx_word' id='word_1_266' title='bbox 261 3611 518 3690; x_wconf 87' lang='lat' dir='ltr'><strong>commentarios,</strong></span> <span class='ocrx_word' id='word_1_267' title='bbox 538 3621 672 3693; x_wconf 85' lang='lat' dir='ltr'><strong>quornm</strong></span> <span class='ocrx_word' id='word_1_268' title='bbox 693 3612 810 3690; x_wconf 81' lang='lat' dir='ltr'><strong>forma,</strong></span> <span class='ocrx_word' id='word_1_269' title='bbox 837 3634 918 3695; x_wconf 88' lang='lat' dir='ltr'><strong>quac</strong></span> <span class='ocrx_word' id='word_1_270' title='bbox 939 3615 1084 3695; x_wconf 90' lang='lat' dir='ltr'><strong>primitus</strong></span> <span class='ocrx_word' id='word_1_271' title='bbox 1106 3615 1179 3693; x_wconf 89' lang='lat' dir='ltr'><strong>luit,</strong></span> <span class='ocrx_word' id='word_1_272' title='bbox 1207 3616 1335 3678; x_wconf 87' lang='lat' dir='ltr'><strong>omnino</strong></span> <span class='ocrx_word' id='word_1_273' title='bbox 1354 3635 1407 3676; x_wconf 87' lang='lat' dir='ltr'><strong>rs-</strong></span> 
     </span>
     <span class='ocr_line' id='line_1_33' title="bbox 262 3714 1405 3798; baseline -0.002 -20"><span class='ocrx_word' id='word_1_274' title='bbox 262 3716 339 3795; x_wconf 78' lang='lat' dir='ltr'><strong>lingi</strong></span> <span class='ocrx_word' id='word_1_275' title='bbox 362 3725 519 3798; x_wconf 73' lang='lat' dir='ltr'><strong>nequeat,¹</strong></span> <span class='ocrx_word' id='word_1_276' title='bbox 550 3714 585 3778; x_wconf 91' lang='lat' dir='ltr'><strong>in</strong></span> <span class='ocrx_word' id='word_1_277' title='bbox 612 3726 715 3782; x_wconf 81' lang='lat' dir='ltr'><strong>mente</strong></span> <span class='ocrx_word' id='word_1_278' title='bbox 737 3727 843 3779; x_wconf 89' lang='lat' dir='ltr'><strong>nostra</strong></span> <span class='ocrx_word' id='word_1_279' title='bbox 869 3716 1022 3783; x_wconf 83' lang='lat' dir='ltr'><strong>duntaxat</strong></span> <span class='ocrx_word' id='word_1_280' title='bbox 1050 3715 1090 3780; x_wconf 88' lang='lat' dir='ltr'><strong>ad</strong></span> <span class='ocrx_word' id='word_1_281' title='bbox 1119 3738 1225 3783; x_wconf 86' lang='lat' dir='ltr'><strong>sanam</strong></span> <span class='ocrx_word' id='word_1_282' title='bbox 1252 3716 1405 3781; x_wconf 86' lang='lat' dir='ltr'><strong>rationem</strong></span> 
     </span>
     <span class='ocr_line' id='line_1_34' title="bbox 262 3817 1406 3900; baseline 0.003 -19"><span class='ocrx_word' id='word_1_283' title='bbox 262 3840 453 3882; x_wconf 74' lang='lat' dir='ltr'><strong>reaccensus.</strong></span> <span class='ocrx_word' id='word_1_284' title='bbox 496 3819 548 3884; x_wconf 83' lang='lat' dir='ltr'><strong>Ut·</strong></span> <span class='ocrx_word' id='word_1_285' title='bbox 561 3841 601 3884; x_wconf 85' lang='lat' dir='ltr'><strong>erc</strong></span> <span class='ocrx_word' id='word_1_286' title='bbox 622 3820 688 3898; x_wconf 89' lang='lat' dir='ltr'><strong>bis,</strong></span> <span class='ocrx_word' id='word_1_287' title='bbox 711 3833 792 3900; x_wconf 82' lang='lat' dir='ltr'><strong>quac</strong></span> <span class='ocrx_word' id='word_1_288' title='bbox 815 3817 854 3886; x_wconf 82' lang='lat' dir='ltr'><strong>de</strong></span> <span class='ocrx_word' id='word_1_289' title='bbox 874 3821 989 3882; x_wconf 83' lang='lat' dir='ltr'><strong>Alcaeo</strong></span> <span class='ocrx_word' id='word_1_290' title='bbox 1006 3822 1109 3896; x_wconf 83' lang='lat' dir='ltr'><strong>habet,</strong></span> <span class='ocrx_word' id='word_1_291' title='bbox 1128 3841 1192 3884; x_wconf 92' lang='lat' dir='ltr'><strong>non</strong></span> <span class='ocrx_word' id='word_1_292' title='bbox 1214 3833 1278 3884; x_wconf 87' lang='lat' dir='ltr'><strong>tam</strong></span> <span class='ocrx_word' id='word_1_293' title='bbox 1297 3821 1406 3884; x_wconf 84' lang='lat' dir='ltr'><strong>inanes</strong></span> 
     </span>
     <span class='ocr_line' id='line_1_35' title="bbox 262 3923 1405 4006; baseline 0.003 -23"><span class='ocrx_word' id='word_1_294' title='bbox 262 3923 485 3983; x_wconf 87' lang='lat' dir='ltr'><strong>somniantium</strong></span> <span class='ocrx_word' id='word_1_295' title='bbox 515 3943 630 4002; x_wconf 76' lang='lat' dir='ltr'><strong>nugas,</strong></span> <span class='ocrx_word' id='word_1_296' title='bbox 662 3941 755 4006; x_wconf 89' lang='lat' dir='ltr'><strong>quam</strong></span> <span class='ocrx_word' id='word_1_297' title='bbox 779 3932 965 4003; x_wconf 87' lang='lat' dir='ltr'><strong>corruptam</strong></span> <span class='ocrx_word' id='word_1_298' title='bbox 996 3923 1203 4006; x_wconf 85' lang='lat' dir='ltr'><strong>interpretum</strong></span> <span class='ocrx_word' id='word_1_299' title='bbox 1232 3924 1405 3989; x_wconf 74' lang='lat' dir='ltr'><strong>docuinam</strong></span> 
     </span>
    </p>
   </div>
   <div class='ocr_carea' id='block_1_5' title="bbox 264 4175 1407 4524">
    <p class='ocr_par' dir='ltr' id='par_1_6' title="bbox 264 4175 1407 4524">
     <span class='ocr_line' id='line_1_36' title="bbox 285 4175 1407 4256; baseline 0 -20"><span class='ocrx_word' id='word_1_300' title='bbox 285 4175 287 4182; x_wconf 49' lang='lat'><strong>¹</strong></span> <span class='ocrx_word' id='word_1_301' title='bbox 335 4183 365 4245; x_wconf 80' lang='grc'><strong>1)</strong></span> <span class='ocrx_word' id='word_1_302' title='bbox 383 4183 458 4240; x_wconf 90' lang='lat' dir='ltr'><strong>Suid.</strong></span> <span class='ocrx_word' id='word_1_303' title='bbox 480 4205 501 4240; x_wconf 89' lang='lat' dir='ltr'><strong>s.</strong></span> <span class='ocrx_word' id='word_1_304' title='bbox 520 4205 558 4240; x_wconf 63' lang='grc' dir='ltr'><strong>ιι</strong></span> <span class='ocrx_word' id='word_1_305' title='bbox 578 4181 713 4256; x_wconf 72' lang='grc' dir='ltr'><strong>Ἀλκαῖος,</strong></span> <span class='ocrx_word' id='word_1_306' title='bbox 730 4183 874 4256; x_wconf 71' lang='grc' dir='ltr'><strong>Ἀθηναῖος</strong></span> <span class='ocrx_word' id='word_1_307' title='bbox 892 4181 1023 4254; x_wconf 63' lang='lat' dir='ltr'><strong>conperit,</strong></span> <span class='ocrx_word' id='word_1_308' title='bbox 1044 4179 1072 4239; x_wconf 70' lang='lat' dir='ltr'><strong>‘lu</strong></span> <span class='ocrx_word' id='word_1_309' title='bbox 1094 4205 1159 4244; x_wconf 73' lang='grc' dir='ltr'><strong>τινες</strong></span> <span class='ocrx_word' id='word_1_310' title='bbox 1177 4187 1286 4237; x_wconf 67' lang='grc' dir='ltr'><strong>θέλουσι</strong></span> <span class='ocrx_word' id='word_1_311' title='bbox 1303 4190 1407 4256; x_wconf 75' lang='grc' dir='ltr'><strong><em>πρῶτον</em></strong></span> 
     </span>
     <span class='ocr_line' id='line_1_37' title="bbox 264 4266 1406 4346; baseline -0.001 -20"><span class='ocrx_word' id='word_1_312' title='bbox 264 4269 389 4340; x_wconf 76' lang='grc' dir='ltr'><strong>τρανιιδν</strong></span> <span class='ocrx_word' id='word_1_313' title='bbox 406 4277 542 4339; x_wconf 71' lang='grc' dir='ltr'><strong>γεγονέναι.</strong></span> <span class='ocrx_word' id='word_1_314' title='bbox 587 4273 662 4327; x_wconf 86' lang='lat' dir='ltr'><strong>[dem</strong></span> <span class='ocrx_word' id='word_1_315' title='bbox 680 4273 791 4330; x_wconf 75' lang='lat' dir='ltr'><strong>deindsr</strong></span> <span class='ocrx_word' id='word_1_316' title='bbox 816 4266 937 4332; x_wconf 78' lang='grc' dir='ltr'><strong>’Λλκατις</strong></span> <span class='ocrx_word' id='word_1_317' title='bbox 955 4275 1150 4346; x_wconf 64' lang='grc' dir='ltr'><strong>Μιτυληναῖος,</strong></span> <span class='ocrx_word' id='word_1_318' title='bbox 1174 4267 1230 4326; x_wconf 69' lang='grc' dir='ltr'><strong>εἶτα</strong></span> <span class='ocrx_word' id='word_1_319' title='bbox 1254 4271 1406 4343; x_wconf 70' lang='grc' dir='ltr'><strong>Ἀθηναῖοι,</strong></span> 
     </span>
     <span class='ocr_line' id='line_1_38' title="bbox 266 4355 1406 4434; baseline -0.004 -16"><span class='ocrx_word' id='word_1_320' title='bbox 266 4355 377 4418; x_wconf 55' lang='grc' dir='ltr'><strong>κωμικὰ·</strong></span> <span class='ocrx_word' id='word_1_321' title='bbox 396 4361 443 4428; x_wconf 71' lang='grc' dir='ltr'><strong>τῆς</strong></span> <span class='ocrx_word' id='word_1_322' title='bbox 462 4358 574 4432; x_wconf 62' lang='lat' dir='ltr'><strong>sinteino</strong></span> <span class='ocrx_word' id='word_1_323' title='bbox 591 4365 729 4434; x_wconf 62' lang='grc' dir='ltr'><strong>κωμῳδίας</strong></span> <span class='ocrx_word' id='word_1_324' title='bbox 747 4359 957 4429; x_wconf 45' lang='grc' dir='ltr'><strong>πέμπτοςιυῖδς</strong></span> <span class='ocrx_word' id='word_1_325' title='bbox 976 4367 1006 4416; x_wconf 79' lang='lat' dir='ltr'><strong>di</strong></span> <span class='ocrx_word' id='word_1_326' title='bbox 1027 4367 1141 4419; x_wconf 64' lang='lat' dir='ltr'><strong>Mittunt).</strong></span> <span class='ocrx_word' id='word_1_327' title='bbox 1165 4363 1262 4434; x_wconf 65' lang='grc' dir='ltr'><strong><em>ῗγραψε</em></strong></span> <span class='ocrx_word' id='word_1_328' title='bbox 1278 4361 1406 4433; x_wconf 70' lang='grc' dir='ltr'><strong>δράματα</strong></span> 
     </span>
     <span class='ocr_line' id='line_1_39' title="bbox 266 4444 1106 4524; baseline -0.006 -13"><span class='ocrx_word' id='word_1_329' title='bbox 266 4447 338 4495; x_wconf 60' lang='lat'><strong>05⁸⁶·</strong></span> <span class='ocrx_word' id='word_1_330' title='bbox 362 4444 453 4510; x_wconf 69' lang='lat' dir='ltr'><strong>&#39;Quae</strong></span> <span class='ocrx_word' id='word_1_331' title='bbox 470 4449 721 4518; x_wconf 64' lang='lat' dir='ltr'><strong>Bayliusiseric.</strong></span> <span class='ocrx_word' id='word_1_332' title='bbox 740 4475 759 4508; x_wconf 85' lang='lat' dir='ltr'><strong>a.</strong></span> <span class='ocrx_word' id='word_1_333' title='bbox 776 4473 800 4507; x_wconf 78' lang='lat' dir='ltr'><strong>r.</strong></span> <span class='ocrx_word' id='word_1_334' title='bbox 818 4464 918 4507; x_wconf 82' lang='lat' dir='ltr'><strong>temere</strong></span> <span class='ocrx_word' id='word_1_335' title='bbox 935 4453 1106 4524; x_wconf 79' lang='lat' dir='ltr'><strong>perturbavit.</strong></span> 
     </span>
    </p>
   </div>
   <div class='ocr_carea' id='block_1_6' title="bbox 0 0 1526 4982">
    <p class='ocr_par' dir='ltr' id='par_1_7' title="bbox 0 0 1526 4982">
     <span class='ocr_line' id='line_1_40' title="bbox 0 0 1526 4982; baseline 0 0"><span class='ocrx_word' id='word_1_336' title='bbox 0 0 1526 4982; x_wconf 95' lang='lat' dir='ltr'><strong> </strong></span> 
     </span>
    </p>
   </div>
  </div>
 </body>
</html>
