3048 4998
125 1417 207 1504 ma
241 1371 762 1637 ”fffflfflpssffl
789 1415 1170 1636 pessumus
1203 1413 1285 1506 us

760 1554 851 1637 R·
1192 1570 1197 1580 .

477 1899 599 1951 wolcker
615 1899 685 1952 Mus.
704 1899 826 1950 Rhenan.
846 1901 866 1965 Ι,
884 1917 911 1967 p.
930 1901 992 1955 254.

562 2011 672 2066 Harenas
688 2011 722 2054 ar
738 2009 805 2054 atet!
817 2011 878 2064 jede
896 2009 1054 2066 cessaream,
1073 2011 1182 2055 scam
1199 2019 1248 2054 nur

525 2082 580 2124 ctae
597 2082 629 2124 tra
650 2078 736 2125 Cutius
754 2081 910 2136 teprttndeta
929 2085 969 2128 dte
988 2082 1094 2136 acturi,
1120 2081 1247 2136 fluctuet,
1278 2084 1288 2142 ἰ,

528 2150 673 2206 Todesfcter
697 2151 742 2194 dea
762 2151 848 2194 Ganos
870 2153 931 2196 oder
952 2153 1064 2210 stitture
1088 2154 1134 2196 der
1151 2151 1246 2208 Hemo-

525 2221 622 2265 ituraea·
639 2221 786 2275 camoenae.
923 2233 927 2243 ·
1245 2221 1249 2232 ’
1267 2219 1270 2226 ’

138 2361 248 2429 [Dissen
260 2360 293 2412 ad
307 2342 416 2413 Pindar.
428 2378 454 2428 p.
469 2361 530 2422 616.
548 2361 622 2412 Bode
641 2359 734 2410 Gesct.
746 2327 794 2414 der
804 2359 900 2412 hellen.
915 2363 977 2427 Lpr.
991 2361 1070 2426 Tom.
1083 2339 1115 2430 11¹,
1125 2365 1177 2432 21).
1190 2361 1264 2430 333]

121 2469 298 2593 Diximus
321 2527 353 2590 in
376 2525 473 2615 priori
494 2525 611 2613 capite,
643 2518 917 2615 dithyramborum
939 2547 1059 2593 numen
1080 2527 1186 2596 fuisse
1200 2525 1282 2592 Dio·v

120 2653 238 2720 nysum
264 2630 417 2712 solarem,
448 2633 539 2721 cujus
570 2633 675 2714 notio,
709 2655 783 2698 curn
812 2632 898 2723 apud
927 2632 1054 2700 Siculos
1085 2643 1117 2700 et
1142 2633 1282 2722 Magnae

122 2738 276 2805 Graeciae
310 2737 444 2804 colonas
484 2736 717 2826 simplicissime
755 2761 910 2830 expressa
943 2748 1047 2820 esset,
1091 2737 1282 2826 dithyrambi

121 2845 218 2912 deum
248 2842 432 2912 Siculorum
463 2841 631 2910 Bacchum
665 2865 784 2910 vocare
815 2867 882 2910 uon
917 2845 1139 2910 dubitavimus.
1196 2844 1282 2910 Cum

118 2973 208 3034 vero,
227 2951 261 3018 id
284 2951 369 3042 quod
389 2952 423 3016 in
444 2948 561 3039 mythis
584 2949 730 3016 accidere
752 2951 940 3040 saepissime
962 2949 1054 3033 solet,
1075 2960 1112 3016 ut
1132 2951 1280 3016 notiones

120 3068 152 3126 et
172 3056 318 3148 symbola
341 3056 435 3124 alieni
457 3055 625 3146 cujusdam
645 3058 799 3139 numinis,
828 3058 855 3122 si
877 3081 941 3147 qua
964 3057 1110 3149 ejusdem
1132 3079 1207 3124 curn
1229 3057 1279 3121 in-

119 3165 255 3254 digenae
286 3164 338 3230 dei
369 3162 550 3229 notionibus
575 3163 782 3228 ‘intercedere
811 3163 982 3230 similitudo
1016 3163 1176 3246 videatur,
1211 3163 1280 3228 sine

119 3272 324 3340 cunctatione
351 3268 524 3360 affigantur*
541 3270 670 3359 proprio
699 3291 738 3336 ac
765 3269 913 3360 populari
941 3271 1078 3353 numini3
1112 3292 1202 3351 cum,
1230 3269 1280 3334 in-

119 3401 232 3469 quam,
263 3378 344 3444 haec
369 3377 440 3465 ipsa
469 3374 650 3442 observatio
679 3377 712 3441 in
739 3367 828 3443 nullo
853 3375 1054 3442 Graecorum
1085 3377 1146 3443 deo
1167 3378 1281 3466 magis,

119 3507 217 3576 quam
246 3487 290 3551 in·
305 3479 436 3550 Baccho
466 3480 595 3571 probari
628 3484 746 3572 possit,
778 3493 847 3552 tum
879 3484 1033 3574 imprimis
1065 3481 1196 3551 Baccho
1228 3483 1281 3550 isti

68 3645 72 3652 .
118 3590 226 3659 Solari
247 3589 376 3671 accidit,
406 3597 443 3653 ut
470 3585 706 3676 dithyrambus,
732 3611 861 3656 carmen
882 3591 944 3681 ipsi
971 3591 1010 3657 ab
1032 3592 1120 3658 initio
1142 3611 1281 3672 sacrum,

118 3695 279 3790 adalium
302 3693 476 3787 quemlibet
498 3691 654 3762 Graeciae
675 3695 858 3784 Dionysum
878 3699 1113 3780 transferretur,
1134 3697 1280 3786 quamvis

117 3815 188 3871 tum
210 3825 252 3871 ex
272 3801 437 3893 praemiis,
458 3807 527 3866 tum
549 3823 591 3868 ex
611 3803 749 3885 musica,
779 3812 849 3870 tum
871 3803 1039 3872 saltatione
1061 3812 1130 3870 tum
1151 3801 1279 3890 potissi-

116 3932 208 3977 mum
231 3931 273 3977 ex
295 3905 490 3998 argumentis
514 3906 713 3994 apertissime
734 3898 827 3999 primi
851 3910 902 3976 dei
922 3911 1011 3976 notio
1040 3915 1278 3998 agnosceretur.

117 4017 256 4100 Etenim,
277 4016 304 4082 si
326 4015 378 4082 cui
400 4035 442 4080 ex
465 4010 663 4092 Platone⁰¹t
688 4023 743 4080 aut
764 4015 1001 4099 Menandrum)
1026 4013 1066 4081 de
1089 4012 1280 4101 dithyrambi

119 4173 320 4187 μ-ι-ι-

158 4263 194 4330 ⁹¹)
212 4267 253 4318 De
271 4266 356 4332 Legg.
378 4265 421 4330 ΙΙΙ,
441 4280 467 4331 p.
487 4264 548 4318 700.

156 4349 193 4418 ⁹²)
211 4352 323 4404 lincam.
341 4369 367 4419 p.
386 4349 421 4404 48
440 4350 482 4403 aa.
502 4351 619 4403 Hceren,
