3086 4992
801 297 875 409 ns

267 493 435 576 Didymus·
455 489 576 552 fabulas
615 491 704 566 htrjus
741 488 968 552 commentario
992 487 1126 551 ornarit.
1190 489 1303 550 Athen.
1337 493 1412 552 XV.

267 620 298 678 p.
320 601 383 658 689
403 597 439 656 Β.
483 596 691 658 Stoecher.
724 595 771 654 De
806 593 955 673 Sophocl.
985 605 1026 652 et⁴
1047 591 1211 672 Aristoplu
1244 591 1413 672 Interpret.

266 723 298 781 p.
315 704 365 762 10.
408 697 469 762 Sed
492 715 566 759 mox
587 717 701 760 nomen
725 697 840 760 Achaei
864 698 1061 757 obscuratum
1081 707 1138 756 est.
1180 694 1262 755 Nam
1287 694 1320 754 in
1342 715 1414 772 gra-

268 803 394 867 vissimo
416 811 581 864 versantur
603 819 725 876 errore,
751 799 807 882 qui
828 802 1003 862 Aethonem
1025 799 1165 861 fabulam·
1182 795 1273 874 heiste
1294 819 1313 858 a
1335 796 1416 858 Cae«

266 907 339 968 cilio
369 906 471 968 Statio·
501 902 613 968 Latine
644 923 765 966 versam
794 904 1003 986 Romanisque
1032 903 1067 964 in
1097 921 1188 964 scena
1217 901 1413 981 propositam

267 1029 332 1071 esse
355 1009 475 1086 volunt,
497 1027 565 1068 oum
584 1025 699 1068 nomen
719 1006 874 1067 Aethione
887 1006 913 1089 ¹)
934 1027 985 1086 ap.
1004 1005 1087 1068 Feat.
1103 1002 1322 1068 smillumsro
1342 1023 1414 1066 coe·

267 1123 395 1192 ruptum
422 1111 456 1172 in
477 1110 649 1172 Aethrione
676 1110 791 1172 mutari
821 1108 948 1187 debeat,
974 1108 1115 1191 qttsmrie
1141 1108 1274 1170 lonsio
1296 1107 1413 1188 Script.

267 1215 307 1276 H.
323 1216 380 1277 Ph.
400 1215 423 1290 I,
447 1215 533 1291 1⁷‚2
556 1225 587 1274 et
607 1211 797 1274 Reinesio
820 1214 897 1274 Var.
911 1213 996 1274 Lset.
1017 1234 1050 1293 p.
1068 1213 1128 1274 681
1149 1231 1236 1273 smus
1257 1212 1412 1276 rideatur.

267 1316 328 1380 Sed
357 1316 506 1400 quoniam
535 1335 617 1376 nunc
637 1313 684 1376 'de
704 1315 792 1378 vitiis
813 1317 935 1396 agitur,
966 1333 1242 1378 commemoremus
1265 1313 1413 1397 denique,

268 1422 426 1481 Achaeum
448 1420 486 1479 ab
510 1419 608 1483 Hub.
632 1417 1097 1481 Gotfioflist.1³ou.8icut.
1119 1439 1153 1498 p.
1164 1420 1210 1478 88
1235 1416 1412 1478 et'Sa·xio

267 1522 427 1588 Onomast.
447 1523 470 1599 1,
491 1527 534 1583 24
562 1523 595 1582 in
623 1521 762 1583 comicis·
776 1543 842 1584 esse
868 1521 1075 1588 numeratum.
1118 1520 1211 1597 Quod
1233 1541 1330 1604 quare
1351 1521 1414 1582 sibi

266 1627 495 1708 persuaserint,
519 1624 646 1686 minime
668 1624 792 1706 liquet·
1069 1627 1072 1632 '

350 1731 443 1794 Nunc
464 1729 546 1791 ratio
570 1730 660 1805 httjtts
682 1728 861 1809 scriptionis
889 1733 1042 1812 postulet,
1074 1732 1308 1792 utnominaet
1329 1729 1415 1807 frag·

266 1847 370 1898 menta
392 1835 567 1895 fabularum
590 1843 699 1893 cuncto
724 1829 869 1914 deinceps
898 1835 1080 1910 afferamus,
1109 1833 1350 1915 disputationem
1375 1830 1414 1893 de

266 1938 466 2018 argumentis,
489 1956 569 2018 quae
592 1937 630 1997 iis
652 1937 787 2011 subjecta
809 1937 947 2014 luerunt,
970 1939 1039 2000 aliis
1059 1938 1283 2021 relinquentes,
1304 1955 1415 2018 quom·

267 2040 435 2103 admodum
456 2061 551 2119 supra
573 2038 769 2102 statuimus.‘·
789 2040 824 2099 ln
847 2060 911 2122 quo
934 2040 1055 2118 singula
1077 2043 1135 2102 hoc
1153 2041 1285 2102 celerius
1305 2037 1416 2100 decur-

266 2155 387 2218 rentur,
410 2161 473 2224 quo
495 2144 620 2216 majore
634 2139 793 2202 doctrines
816 2143 915 2222 copia,
935 2161 1061 2225 quoque
1079 2143 1252 2206 industrius
1267 2153 1298 2202 et
1311 2142 1416 2202 Wei-

268 2250 402 2309 cherus
424 2245 479 2308 Gr.
489 2247 581 2326 Trag.
596 2259 751 2308 momenta
773 2247 965 2326 quaestionis
987 2249 1122 2310 excussit
1144 2259 1175 2308 et
1196 2244 1415 2309 Ulrichsius

267 2351 389 2429 singula
412 2369 516 2411 secum
539 2347 717 2429 perpendit.
760 2348 1049 2429 lateranagoedias
1078 2351 1181 2431 primo
1210 2349 1415 2412 Adrastum

268 2455 472 2529 nominemus,
493 2472 587 2534 quem
608 2451 817 2530 Harpocratio
837 2473 860 2514 s.
881 2476 912 2515 v.
932 2449 1038 2538 ἀργᾶς
1060 2453 1177 2516 laudat.
1220 2451 1338 2516 Eodem
1361 2473 1415 2513 sx-

267 2555 395 2636 plicatio
418 2553 566 2635 Hesychii
590 2575 614 2615 s.
636 2575 664 2616 r.
686 2551 815 2638 Ἀργῇν
838 2560 985 2638 ἔπεφνεν
1004 2569 1141 2637 spectat,
1155 2567 1208 2618 'ut
1229 2577 1269 2617 ex
1289 2557 1415 2636 Harpo-

269 2657 407 2719 cratione
431 2657 640 2736 suspicamur,
669 2677 848 2739 quanquam
871 2655 954 2720 dicto
977 2681 1034 2721 nec
1054 2671 1167 2741 potitae
1195 2665 1323 2734 nomen,
1355 2679 1415 2717 nee

269 2762 392 2822 fabulae
415 2759 554 2821 additum
573 2771 634 2820 est.
681 2759 730 2819 Ex
750 2758 940 2822 Azanibus
960 2762 1167 2842 fragmentum
1189 2762 1353 2826 Scholiast.
1373 2759 1416 2822 ad

270 2864 379 2942 Eurip.
402 2859 504 2926 Orest.
527 2865 590 2924 373
618 2863 720 2924 habet.
761 2853 901 2940 Ἀθλα,
936 2866 992 2926 rel¹
1016 2861 1172 2941 ”Adlooe
1202 2866 1309 2928 multis
1337 2864 1415 2926 lonis

270 2968 449 3028 Athenaeus
468 2974 629 3042 memorat,
650 2977 684 3027 ut
706 2966 748 3026 X.
768 2987 801 3044 p.
814 2969 878 3027 418
895 2969 934 3045 A,
954 2973 1020 3031 414
1042 2968 1076 3030 C.
1097 2971 1138 3030 D.
1160 2971 1233 3031 XV.
1254 2990 1287 3048 p.
1299 2970 1364 3028 689
1377 2967 1416 3028 B.

271 3068 349 3130 Cum
373 3065 516 3130 ordinem
537 3089 573 3130 oc
594 3069 750 3129 rationem
772 3067 962 3132 Ulriohsii
987 3093 1173 3155 sequamur,
1204 3089 1268 3132 non
1290 3069 1417 3130 dubita·-

267 3173 370 3233 vimus
394 3173 472 3232 liano
494 3173 630 3233 fabulam
652 3171 735 3232 inter
755 3170 929 3250 tragoedias
947 3173 1156 3252 referre,··etsi
1172 3193 1235 3236 non
1257 3173 1342 3234 illam
1363 3192 1416 3232 re·

268 3274 438 3356 liquiarum
458 3273 597 3334 indolem
616 3274 804 3350 ignoramus,
826 3293 866 3334 ex
888 3295 950 3356 qua
969 3263 1032 3337 non
1055 3279 1155 3340 solum
1177 3273 1416 3339 Friebelius

265 3376 430 3454 Satyrogr.
458 3393 491 3452 p.
513 3375 573 3450 57,
603 3371 658 3434 ssd
687 3375 779 3434 edam
808 3378 1034 3440 Welcketus
1057 3401 1095 3460 p.
1114 3381 1176 3440 961
1208 3397 1276 3440 eam
1301 3366 1416 3457 satyris

263 3495 430 3537 accensere
452 3475 643 3537 maluerunt.
696 3477 975 3557 Alphesiboeae
998 3483 1109 3542 ⁴locum
1137 3480 1310 3561 Hesychius
1339 3500 1363 3541 s.
1385 3500 1415 3540 v.

270 3591 428 3665 &humpen
457 3583 561 3643 habet.
616 3581 664 3644 ct.
695 3583 871 3663 Bentlej.
902 3583 1016 3668 Opuso.
1041 3609 1074 3668 p.
1096 3590 1168 3650 517.
1223 3583 1312 3646 Idem
1335 3602 1360 3643 s.
1385 3601 1416 3643 v.

271 3684 425 3766 Σαρωνιά
451 3683 633 3747 Theseum
662 3700 824 3749 memoret.
875 3689 916 3750 Et
937 3711 1033 3750 unum
1058 3690 1266 3768 fragmentum
1289 3684 1416 3767 Cycni

269 3788 460 3868 Hephaestio
482 3787 520 3850 de
542 3785 637 3850 Metr.
658 3791 682 3867 l,
705 3793 737 3852 3.
764 3811 795 3869 p.
818 3793 860 3852 ts
882 3791 971 3853 citat.
1022 3793 1124 3854 Alteri
1144 3809 1222 3854 vero
1243 3809 1295 3868 ep.
1316 3789 1416 3850 Athe·

270 3905 381 3952 n'aeum
402 3893 457 3954 vl.
480 3913 510 3974 p.
532 3889 595 3956 2⁷0
615 3892 652 3954 Ε.
683 3911 796 3954 nomen
824 3889 970 3960 Kentos
999 3894 1190 3975 adscriptum
1217 3903 1283 3967 est,
1319 3887 1416 3971 quod,

270 3987 338 4056 eum
360 3991 532 4058 Grotius
553 3997 627 4056 Exc.
649 4017 681 4074 p.
699 4001 774 4070 441,
796 3995 912 4056 96211
933 3993 1108 4064 Κύκλωπα
1131 4004 1296 4069 mutasset,
1318 3991 1417 4054 Tur-

270 4101 394 4160 nebus
417 4099 461 4160 ita
482 4097 608 4174 refecit,
626 4109 678 4174 ut,
700 4097 876 4159 una'litera
898 4111 1053 4177 correcta,
1077 4094 1230 4174 Κύκνον,
1249 4093 1346 4176 idque
1368 4113 1418 4154 00·

273 4237 553 4254 m———b-ua-

341 4332 371 4399 1)
389 4333 439 4398 [vel
468 4332 555 4404 potius
579 4329 725 4386 Aethione,
751 4342 780 4384 ut
803 4329 862 4384 hab.
888 4327 946 4384 cod.
973 4325 1044 4384 Festi
1076 4350 1119 4404 ap.
1145 4329 1281 4385 Miiller.
1309 4350 1335 4400 p.
1357 4333 1418 4382 tto.

272 4438 293 4472 r.
313 4423 355 4473 ld.
393 4421 427 4474 A.
443 4421 484 4488 lu]
