3048 4998
253 303 328 378 206

251 483 368 568 simile,
399 485 523 554 duobus
544 484 638 554 hisce
666 485 852 576 generibus,
883 495 979 576 prout
998 495 1125 576 tempus
1148 485 1255 566 terret,
1285 482 1416 550 diversa
1509 485 1510 502 l

250 592 349 660 luisse
376 602 580 682 argumenta,
613 589 752 660 hibernis
784 591 914 684 quidem
944 592 1097 673 tristiora,
1130 601 1227 682 atque
1258 591 1416 656 universo

248 699 291 766 de
313 709 417 765 morte
446 699 497 765 dei
518 708 715 790 naturaeque
742 698 885 791 planctui
913 699 1104 780 eminentia,
1132 698 1240 766 vernis
1267 695 1418 778 laetiora,

250 804 292 870 ad
322 805 456 872 redivivi
483 807 621 874 numinis
651 805 836 897 tellurisque
866 813 997 874 renatae
1026 803 1234 874 salutationes
1262 815 1350 896 apta.
1373 843 1417 854 -

195 989 197 996 Ι
248 910 316 979 Sed
337 909 386 978 his
407 912 439 978 in
463 913 648 978 universum
669 913 875 1003 praemonitis
890 913 1058 979 veniamus
1082 913 1123 980 ad
1144 911 1282 1002 singula.

331 1015 463 1088 Athenis
485 1041 603 1109 magna
622 1019 791 1108 Dionysio,
814 1017 888 1087 alibi
908 1019 970 1088 alia
992 1021 1090 1101 testa,
1119 1027 1311 1088 renascente
1334 1039 1416 1084 vere

246 1122 377 1192 Baccho
406 1122 560 1193 celebrari
588 1125 751 1209 solebant;
782 1125 897 1194 eodem
929 1125 984 1194 illo
1018 1135 1178 1216 tempore,
1208 1149 1274 1216 quo
1302 1127 1416 1190 vineta

245 1229 389 1321 undique
411 1253 497 1298 nova
519 1232 632 1300 vitium
649 1233 827 1321 propagine
842 1233 1094 1315 revirescebant;
1118 1253 1181 1322 quo
1195 1233 1304 1300 omnm
1317 1231 1418 1320 copia

246 1338 372 1406 narium
395 1336 505 1404 dulces
528 1338 644 1404 odores
667 1338 849 1428 spargebat,
878 1339 1017 1430 denique
1039 1338 1127 1430 quod
1147 1337 1302 1406 Horatius
1325 1336 1421 1406 hisce

248 1444 393 1511 versibus
417 1453 482 1510 tam
504 1445 586 1512 vivis
609 1443 769 1511 coloribus
792 1445 952 1534 depinxit:

374 1549 543 1638 Diffugere
564 1551 655 1618 nives
674 1551 811 1618 redeunt
828 1555 898 1644 jam
914 1554 1064 1643 ,gramma
1086 1556 1209 1642 campis

448 1655 839 1748 Arboribusque-comae3

374 1763 478 1832 Mutat
500 1774 584 1832 terra
605 1765 693 1830 vices
712 1774 749 1831 ¹et
769 1764 990 1834 decrescentia
1010 1767 1087 1856 n'pis

449 1869 598 1938 Flumina
620 1880 834 1961 praetereunt.

271 2020 272 2028 ι
375 1977 487 2044 Gratia
508 2001 584 2046 cum
598 1977 757 2070 Nymphis
777 1979 977 2069 geminisque
998 1978 1160 2046 sororibus
1182 1979 1282 2046 audet

449 2083 579 2152 Ducere
602 2085 689 2152 nuda
713 2084 837 2152 choros.

331 2190 448 2258 lisdem
467 2192 563 2281 igitur
587 2191 708 2274 diebus,
737 2195 790 2282 qui
812 2191 866 2258 vel
885 2190 1057 2262 hebetioris
1078 2194 1198 2283 ingenii
1220 2194 1415 2283 animaeque

248 2297 393 2364 tristioris
415 2297 579 2364 hominem
601 2298 642 2366 ad
660 2298 920 2388 cognoscendam
935 2298 1142 2366 laetissimam
1162 2301 1302 2366 numinis
1317 2321 1416 2389 prae-

247 2407 383 2471 sentiam
405 2404 681 2486 inflammaverint,
704 2405 946 2474 obmutescente
968 2404 1090 2472 lascivo
1112 2405 1416 2472 commissationum

246 2511 380 2599 strepitu
403 2509 634 2576 exaudiebatur
657 2510 874 2600 dithyrambus
906 2512 1084 2578 carminum
1111 2513 1255 2578 omnium
1278 2511 1415 2578 festissi-

246 2638 336 2682 mum
359 2639 397 2682 ac
419 2616 674 2699 severissimum,
706 2640 869 2686 summum
897 2616 1074 2707 cycliorum
1104 2614 1278 2684 chororum
1300 2617 1412 2684 decus.

247 2719 303 2803 Et,
336 2724 488 2814 quoniam
514 2745 591 2792 vere
622 2732 811 2792 renascente
835 2733 867 2794 et
889 2733 1078 2816 regenerata
1099 2733 1215 2790 natura
1238 2723 1319 2790 deus
1342 2725 1415 2814 ipse

317 2935 466 3000 καλοῦντος
488 2957 560 3000 τινος
585 2936 743 2996 ὑπακούειν.
784 2941 841 2996 εἷτα
865 2942 987 3012 raserat
1015 2939 1216 3010 ἀκατασχέτους
1241 2943 1416 3013 γιγνομένας

317 3030 365 3080 καὶ
387 3030 493 3100 τρέχειν
518 3025 594 3088 tarta
626 3030 671 3096 τῆς
693 3024 806 3090 πόλεως.
848 3033 1059 3103 Μαιευομίνοις
1083 3027 1115 3080 δὲ
1139 3031 1195 3086 τοῖς
1216 3031 1343 3101 Λοκροῖς
1365 3033 1416 3082 καὶ

313 3112 446 3186 Ῥηγίνοις
463 3117 527 3188 περὶ
543 3115 589 3182 τῆς
605 3109 765 3186 ιἰπαίίαχης
783 3118 831 3170 τοῦ
849 3111 957 3176 nilacus
974 3119 1061 3171 εἰπεῖν
1078 3112 1127 3169 τὸν
1144 3111 1230 3168 θεόν·
1255 3117 1416 3174 Παιᾶνας

317 3195 335 3271 {i
342 3201 415 3258 derv
437 3198 595 3274 ἒαρινοὺς
621 3200 777 3270 δωδεκάτης
793 3200 896 3277 ἡμέρας
915 3199 949 3264 ξ’.
974 3199 1041 3258 ὅθεν
1059 3197 1176 3260 πολλοὺς
1193 3203 1327 3270 γενέσθαι
1346 3221 1415 3255 παι-

316 3287 496 3361 ανοχρᾶιρους
519 3291 549 3345 ἐν
569 3287 678 3359 Ἰταλίᾳ.
715 3293 868 3345 Occurrunt
889 3291 972 3358 igitur
994 3291 1021 3344 b.
1039 3292 1058 3345 1.
1081 3290 1161 3342 etiam
1184 3302 1303 3357 paeancs
1326 3291 1415 3357 remi,

306 3379 414 3447 ¹quibus
437 3377 515 3434 Locri
534 3379 722 3448 Rhegiumque
747 3382 874 3434 ltatorum
897 3379 1028 3446 originem
1051 3377 1192 3431 dederuut.
1214 3378 1415 3438 -Menorabite

317 3483 379 3518 roro
397 3466 469 3521 huuc
486 3466 652 3521 tocumideo
671 3467 741 3533 dico,
760 3466 825 3536 quia
842 3483 897 3524 non
913 3481 1012 3536 parvae
1032 3464 1096 3520 mihi
1115 3462 1284 3519 auctoritatis
1303 3463 1415 3518 ridetur

318 3553 351 3602 ad
370 3552 509 3608 Xenocriti
534 3553 680 3606 carminum
703 3554 819 3605 indolem
839 3553 1062 3622 perspiciendam.
1084 3578 1086 3590 ι
1104 3555 1145 3604 De
1168 3552 1265 3621 quibus
1283 3553 1358 3606 Plut.
1378 3555 1415 3604 de

316 3638 412 3694 Music.
433 3655 457 3690 o.
475 3639 508 3690 X.
534 3639 598 3710 περὶ
616 3639 647 3690 δὲ
666 3641 846 3712 Ξενοκρίτου,
873 3633 902 3698 ὃς
919 3633 954 3706 ἦν
972 3636 1001 3692 τὸ
1021 3642 1101 3710 γένος
1120 3637 1150 3691 ἐκ
1168 3638 1291 3706 Λοκρῶν
1308 3639 1364 3693 τῶν
1381 3639 1414 3693 ἓν

312 3721 413 3793 Ἰταλίᾳ
432 3719 644 3796 ἀμφισβητεῖται
661 3729 686 3779 εἰ
700 3723 827 3782 παιάνων
845 3725 956 3796 ποιητὴς
973 3725 1104 3798 γέγονεν·
1123 3723 1249 3798 ἡρωϊκῶν
1266 3722 1322 3796 γὰρ
1340 3721 1413 3778 ὑπο-

314 3816 421 3868 aaaron
439 3807 591 3884 πράγματα
611 3811 734 3882 ἐχουσῶν
758 3811 872 3882 ποιητὴν
894 3818 1044 3884 γεγονέναι
1061 3815 1150 3884 φασίν
1169 3808 1260 3866 αὐτὸν.
1299 3811 1346 3864 διὸ
1364 3817 1418 3882 καὶι

315 3919 389 3959 τινας
408 3896 598 3972 διθυράμβους
615 3904 709 3958 καλεῖν
728 3899 812 3956 αὐτοῦ
834 3900 881 3961 τὰς
906 3899 1059 3959 ὑποθέσεις.
1094 3899 1161 3953 Fuit
1178 3900 1262 3966 igitur
1279 3889 1414 3954 Xenocri-

316 3995 359 4040 tua
377 3988 550 4041 hauddubie
567 4005 637 4042 unus
656 4007 674 4042 e
691 3991 781 4043 multis
807 3991 876 4056 iltis,
899 4005 966 4058 quos
985 3987 1066 4044 Locri
1088 3991 1264 4056 pepererunt,
1290 4005 1415 4056 pacano-

316 4075 438 4142 grapbis,
463 4092 577 4145 quorum
601 4093 733 4145 paeones,
757 4093 819 4130 cum
840 4091 923 4130 verno
948 4081 1068 4144 tempore
1093 4079 1254 4127 canerentur
1260 4111 1270 4137 ,
1294 4076 1413 4128 fortasse

1509 2697 1510 2740 l

1509 2857 1511 2926 ρ

1509 2929 1511 2972 l

316 4177 366 4214 nec
384 4161 436 4229 ipsi
453 4179 616 4232 magnopere
634 4163 801 4230 Apollineam
820 4165 893 4216 ittam
912 4163 1132 4232 tranquillitatem
1151 4161 1301 4229 spirarent,
1326 4180 1414 4230 poea-
1509 4155 1510 4158 ’

314 4249 393 4302 nibus
417 4254 523 4316 optem
554 4250 715 4318 quinimmo,
742 4267 808 4303 cum·
829 4251 909 4304 eham
940 4249 1050 4307 heroica
1068 4249 1229 4316 argumenta
1251 4254 1413 4317 tractarent,

255 4349 258 4354 ·
313 4353 363 4405 ‘pro
381 4336 563 4402 aluminata,
580 4354 660 4405 quam
678 4337 825 4407 paeonibus
843 4337 938 4392 metius
957 4333 1050 4394 haberi
1066 4341 1186 4406 possent.
