3076 4998
795 346 874 420 230

264 531 403 598 moedise
426 543 571 598 notarem
588 530 734 612 proxime
755 529 894 596 accessit.
936 526 1029 607 Quod
1049 529 1164 595 sitium
1178 531 1212 594 in
1230 553 1269 596 so
1286 555 1413 622 quoque

265 647 406 720 apparet,
428 633 516 718 quod
538 651 698 714 personas,
719 655 791 696 eum
812 651 922 714 μενοι
944 653 980 696 se
999 633 1148 699 sublimes
1169 633 1300 700 deberet
1319 637 1414 700 indu·

263 765 346 820 cere,
368 739 407 802 ad
430 739 513 803 vitae
535 739 690 819 expressit
708 736 956 802 similitudinem.
999 737 1081 800 Nem
1093 738 1413 804 emensurarent

265 845 304 906 de
320 865 436 923 rerum,
459 862 536 928 ques
554 843 689 906 artifices
709 844 884 922 imitentur,
906 841 1089 906 diversitate
1112 841 1277 925 dispulsus
1297 864 1414 928 easque

264 949 488 1010 nutmeliores
508 948 559 1027 iis,
583 959 637 1010 aut
659 945 832 1012 deteriores
854 967 921 1010 esse
943 945 1144 1025 contendens,
1172 967 1254 1032 qnae
1274 947 1311 1009 in·
1329 968 1415 1010 norn-

265 1050 352 1114 muni
375 1049 440 1114 vita
461 1051 672 1133 reperiantur,
692 1063 747 1114 sut
768 1053 847 1114 nihil
869 1061 1005 1115 mutstss
1024 1049 1160 1134 denique
1182 1051 1336 1134 pmponie
1358 1055 1414 1122 κοιλ

263 1148 328 1240 peip
352 1157 390 1220 dv
411 1147 553 1242 ὀρχήσει,
574 1153 690 1236 inquit,
710 1154 774 1222 ἰὀλ
795 1149 933 1239 αὐλῆοιι
956 1155 1011 1221 sul
1036 1153 1203 1237 κιθαρίσει
1224 1159 1295 1221 ἔστι
1309 1156 1414 1238 'ysod-

264 1261 349 1321 σθαι
371 1249 501 1330 ταύτας
523 1250 585 1331 τοῖς
606 1252 858 1343 ἀνομοιότητας
878 1259 935 1326 sel
956 1259 1032 1342 περὶ
1052 1249 1335 1342 ιοελςλόρονςδὲ
1356 1257 1412 1323 sol

263 1350 328 1436 οῇν
349 1359 597 1444 ψιλομεσρίαν,
624 1357 699 1428 οἷον
713 1357 877 1448 ’Όμηρος
895 1365 963 1447 μλν
983 1362 1158 1448 prisione,
1184 1361 1352 1444 Κλιοφόν
1374 1360 1411 1433 tt

263 1454 430 1542 ὁμοίους,Ι
451 1454 620 1548 Ἠγήμων
648 1464 684 1532 dl
713 1460 732 1532 ὁ
764 1461 910 1544 Θᾶσιος,
941 1461 1047 1542 ὅσας
1068 1464 1240 1554 παρῳδίας
1265 1457 1411 1548 ποιήσας

263 1560 396 1642 πρῶτος
418 1562 475 1632 seul
501 1557 717 1652 Νικοχάρης,
748 1562 767 1633 ὁ
793 1562 858 1652 οηόι
879 1565 1030 1652 Δηλιάλσ
1052 1568 1194 1656 palpetur·
1217 1567 1307 1652 ‚uei
1329 1569 1409 1630 bere

262 1661 452 1729 Ritterus
474 1667 651 1747 tragoedias
672 1691 690 1730 a
712 1670 904 1751 philosopho
925 1671 1041 1751 respici
1062 1681 1172 1754 neget,
1198 1670 1318 1753 quippe
1340 1689 1410 1730 cum

261 1768 287 1828 is
309 1771 455 1852 exempla
475 1775 698 1858 ψιλομεορίσς
722 1793 905 1856 proponere
927 1778 1022 1856 uelit,
1051 1777 1308 1838 Hermannus
1329 1792 1409 1836 uer-o

262 1869 301 1934 de
322 1871 534 1940 Mandrobulo
561 1888 667 1940 censet
689 1876 887 1956 cogitandum
910 1899 987 1940 esse.
1041 1873 1162 1940 Verona
1184 1874 1327 1960 quisquis
1350 1875 1410 1938 hoe

261 1974 365 2056 ipsum
387 1978 427 2039 ab
443 1978 655 2059 Aristophane
677 1980 756 2044 uitio
778 1979 885 2042 datum
903 1978 1049 2061 Euripidi
1069 1977 1301 2056 animadvertit,
1323 1976 1409 2061 quod

262 2078 466 2142 necessariam
486 2082 662 2144 nobilitatis
683 2104 719 2143 ac
735 2082 954 2162 generositatis
975 2083 1110 2164 speciem
1133 2081 1320 2146 detraxisset
1335 2103 1410 2164 per·

261 2180 345 2242 sonis
377 2203 491 2266 easque
521 2205 539 2246 a
568 2185 714 2248 cothurni
737 2185 889 2266 dignitate
910 2186 1134 2248 remotissimas
1155 2186 1189 2248 in
1212 2206 1336 2248 scenam
1358 2185 1408 2247 in·

262 2281 470 2364 traduxisset,
503 2306 568 2348 non
591 2287 681 2350 lacile
704 2286 843 2366 dubitat,
875 2288 954 2370 quin
975 2287 1157 2368 Cleophon,
1189 2287 1277 2350 illem
1303 2309 1408 2353 mores

261 2381 451 2464 depingendi
479 2386 635 2450 rationem
662 2389 696 2452 in
725 2391 796 2453 eliis
824 2391 1012 2453 carminibus
1035 2403 1176 2471 secutus,
1207 2411 1227 2452 s
1248 2392 1407 2472 tragoedia

261 2485 374 2548 vitium
395 2488 524 2552 minime
545 2491 719 2573 depulerit,
740 2492 826 2577 quod
847 2495 1053 2560 illustrissimi
1074 2503 1187 2577 poetam
1207 2494 1406 2560 admiserant.

259 2588 398 2652 Accessit
421 2590 588 2658 demissum
608 2607 705 2680 etque
732 2600 848 2662 humile
871 2598 995 2662 dicendi
1015 2621 1123 2680 genus.
1163 2601 1298 2665 Aristot
1312 2599 1406 2664 Rhet.

258 2691 371 2770 111,t.
403 2686 442 2760 cd
470 2694 506 2762 dd
535 2698 671 2782 πρέπον
700 2695 815 2778 έῈει
793 2727 816 2786 η
842 2703 940 2781 λέξις,
960 2695 1066 2770 soie*
1043 2729 1066 2788 η
1088 2698 1266 2788 παθητική
1286 2727 1323 2770 cs
1346 2708 1404 2775 eet

259 2784 365 2880 ἠθικὴ
386 2797 440 2864 καλ
462 2810 529 2874 τοις
550 2794 790 2887 ὑποκειμένοις
806 2804 1007 2929 πράγμασιν
1022 2804 1203 2891 α’ναλογον.
1222 2797 1336 2875 ταδ’
1316 2832 1406 2876 ανα-

259 2890 363 2979 laycis
383 2903 490 2981 ἐστιν,
511 2896 572 2969 lde
594 2900 683 2990 μήτε
704 2908 780 2992 περι
802 2903 950 2992 εὐόγιιιον
972 2903 1238 2994 eorummet-10
1256 2911 1405 2997 λέγηται,

256 2991 346 3082 μήτε
365 3003 440 3088 περὶ
464 2997 611 3076 εὐτελῶν
631 3010 773 3092 σεμνῶς,
794 3007 879 3097 μηδ’
888 3013 944 3080 sul
966 3015 1012 3101 roi
1033 3007 1192 3081 stiasist’
1173 3008 1320 3098 ονόμονι
1338 3017 1406 3102 7πῇ

257 3098 399 3186 κόσμος·
431 3105 519 3174 εἰδὲ
505 3103 609 3195 ipati,
636 3113 793 3196 κωμῳδία
816 3114 991 3199 φαίνεται,
1020 3113 1097 3183 οἷον
1116 3130 1207 3183 ποιεῖ
1225 3117 1403 3202 Κλεοφῶν.

257 3195 380 3285 ὁμοίως
408 3203 474 3292 yoip
501 3214 577 3278 ἔνια
605 3217 697 3298 ἔλεγε
729 3215 786 3283 soi
815 3219 847 3282 sl
876 3212 1004 3286 εἴποιεν
1033 3241 1079 3286 αν
1107 3213 1258 3298 „nivem
1289 3214 1404 3305 senff.

257 3303 378 3381 Quodsi
400 3318 495 3390 poe'ta
516 3313 576 3376 hoo
597 3316 793 3380 locutionum
814 3339 912 3398 genus
933 3321 966 3382 in
989 3323 1126 3386 carmine
1153 3323 1320 3405 parodico,
1350 3324 1402 3385 vel

256 3407 406 3486 perediae
424 3413 583 3481 simillimo
604 3423 830 3502 proposuisset,
850 3422 1014 3504 indignum
1033 3438 1129 3509 atque
1150 3428 1292 3508 ineptum
1314 3425 1403 3488 vide-

258 3522 348 3574 retur
367 3514 548 3582 Aristotelis
577 3522 778 3604 vituperium.
821 3527 925 3590 Asin
953 3529 1140 3609 tragoediis,
1169 3531 1280 3610 credo,
1309 3529 1402 3590 Cleo·
1528 3567 1529 3576 ο

257 3614 343 3693 phun
367 3617 526 3684 vilissimis
547 3627 657 3704 rebus,
688 3639 724 3690 ut
745 3630 950 3693 subtilitatem
970 3631 1128 3713 quendem
1151 3633 1299 3696 dictionis.
1316 3641 1401 3693 asse-

256 3731 423 3801 queretur,
444 3725 617 3805 exquisitus
640 3752 675 3795 ac
694 3731 873 3812 magnifices
899 3735 1033 3799 virtutes
1054 3739 1224 3817 tribuerat,
1245 3737 1327 3821 quae'
1349 3752 1403 3797 co·

253 3821 336 3886 utico
351 3827 460 3903 generi
477 3827 625 3897 flultImae
648 3848 762 3901 essent.
803 3835 978 3900 Simillimis
994 3841 1280 3924 magniloquentiae
1295 3861 1401 3904 exem·

254 3925 317 4005 plis
338 3929 565 4014 Aristophanes
584 3934 627 3998 ad
651 3937 753 4020 λη’ρον
773 3939 964 4018 tragicorum
988 3942 1185 4006 irridendum
1215 3946 1332 4022 utitur,
1365 3957 1402 4006 ut

254 4036 378 4110 poetas,
402 4033 585 4118 importuno
605 4039 768 4117 gravitatis
789 4042 896 4106 studio
916 4043 1056 4126 deditos,
1075 4046 1218 4110 ludibrio
1238 4053 1332 4130 saepe
1352 4051 1402 4110 lo

212 4227 217 4236 ¹
254 4153 324 4196 cum
348 4135 470 4204 dedisse
491 4141 659 4207 existiruse.
702 4142 871 4210 VidePao.
889 4149 940 4211 76.
984 4149 1047 4214 Sed
1067 4149 1144 4235 quid
1165 4152 1221 4214 ills
1237 4153 1402 4218 locutione

253 4235 391 4318 ineptius
414 4254 470 4322 est,
493 4267 587 4329 quam
603 4245 820 4310 Aristoteles
809 4270 844 4312 tn
864 4252 923 4314 hoc
941 4253 1167 4336 reprehendit?
1211 4255 1401 4341 Quanquam

254 4339 461 4426 philosophus
491 4369 558 4412 rem
588 4361 715 4431 praeter
746 4352 912 4418 veritatem
944 4374 1143 4441 nequaquam
1173 4359 1273 4424 auxit.
1325 4360 1403 4424 Fuit

254 4455 362 4506 nutem
382 4448 442 4512 hoo
462 4453 589 4530 gravius
609 4467 789 4539 peceatum,
810 4459 885 4544 quis
907 4481 1004 4542 mus
1026 4463 1183 4528 urstionls
1199 4464 1281 4527 exile
1298 4475 1401 4547 etque
