3060 5000
120 519 147 560 s.
172 518 205 559 v.
226 506 257 558 et
277 490 418 556 Esndocia
440 515 473 576 p.
487 483 553 558 427
574 502 739 556 testantur.
769 489 871 570 *Quae
887 513 938 558 res
957 493 1017 558 etsi
1033 497 1179 560 nonnihil
1199 517 1267 560 mo·

121 599 174 662 vit
197 597 432 676 admirationis,
455 611 559 664 tamen
581 618 646 660 non
668 607 733 676 eet,
754 597 840 681 quod
860 598 900 661 de
922 619 959 662 ea
982 619 1052 662 cum
1072 600 1267 663 Meinekio

121 704 209 766 Hist.
232 701 313 764 erit.
333 722 366 783 p.
385 705 451 766 424
480 703 667 766 dubitemus.
710 701 773 768 Sed
793 701 872 786 quid
893 701 1047 778 adducere
1068 703 1175 784 potuit
1195 704 1268 765 Phi·

120 805 252 884 liscum,
273 818 311 868 nt
331 805 574 870 Themistoclem
596 802 771 884 derideret,
794 805 957 888 antiquum
979 806 1156 884 hominem,
1182 811 1268 884 cujus

103 909 279 972 memoria
310 928 462 974 summam
496 908 629 989 gloriam
666 909 865 992 maximaque
897 909 1137 972 Atheniensium
1173 921 1268 992 atque

121 1014 266 1076 omnium
284 1012 475 1076 Graecorum
497 1012 636 1074 facinore
654 1013 691 1079 iu
710 1011 917 1096 spectantium
938 1012 1059 1074 mimas
1078 1008 1269 1076 revomens?

119 1117 240 1180 Nonne
266 1129 458 1200 spectatores
485 1117 543 1180 tuli
571 1117 677 1182 fabula
697 1119 803 1200 potius
829 1119 945 1196 laesos,
976 1137 1070 1201 quam
1098 1117 1268 1180 delectatne

121 1239 191 1282 esso
214 1216 399 1283 censemus?
426 1219 580 1282 *Videtur
598 1221 712 1301 gravis
737 1219 891 1305 quaedem
912 1230 1026 1302 poetae
1052 1219 1150 1282 fuisse
1176 1220 1268 1300 ratio,

120 1343 188 1406 qua
209 1321 412 1404 petulantiae
426 1321 555 1384 crimen
573 1337 627 1386 sut
654 1336 768 1406 sponte
795 1323 910 1403 nutriit,
924 1335 991 1396 ¹snt
1010 1323 1101 1384 facile
1122 1323 1268 1386 removit.

118 1428 150 1490 ls
172 1427 220 1488 its
240 1427 373 1488 metense
402 1426 593 1492 comoediam
620 1429 751 1507 feceret,
779 1438 816 1489 ut
840 1427 1056 1507 cognominem
1075 1426 1269 1490 Meschicnis

118 1529 262 1592 fabulam
283 1527 480 1610 explodet-et,
500 1530 567 1594 sive
587 1530 657 1612 ipsa
678 1530 849 1596 delectatus
865 1529 1107 1610 irrisione,·site
1120 1528 1269 1609 hocegit,

117 1643 158 1694 ut
179 1653 221 1696 ex
241 1633 397 1713 landono,
424 1634 631 1711 miserebat,
659 1636 825 1714 sententie,
852 1635 891 1700 ds
913 1635 1101 1700 auctoritate
1120 1632 1269 1712 Cononis,

117 1738 210 1812 cujue'
228 1736 323 1798 rebus
344 1735 490 1800 studebat
510 1737 670 1817 Moschis,
685 1759 780 1822 quam
797 1738 970 1820 plurimum
991 1736 1180 1800 detraheret.
1223 1737 1269 1800 Ut

116 1855 199 1902 vero
221 1835 383 1916 tragoedia
404 1839 597 1904 Moschionis
624 1841 720 1904 alium
748 1841 843 1903 finem
869 1839 1016 1904 habuerit
1042 1838 1197 1921 aliamque
1219 1859 1270 1901 ra·

117 1941 258 2018 tionem,
288 1940 416 2004 videtur
447 1955 552 2006 tamen
576 1944 718 2008 duarum
746 1943 923 2022 conjunctio
948 1944 1132 2006 tabularum
1163 1941 1267 2004 firmes.

116 2041 216 2108 Unde
236 2045 407 2108 Philiscum
426 2044 612 2112 definiamus
632 2060 735 2120 aetate
751 2045 943 2112 Moschionis
964 2046 1118 2110 floruisse.
1159 2044 1269 2110 Tertia

116 2145 260 2230 deniqne
282 2148 389 2212 fabula
410 2149 618 2233 Moschionis,
645 2173 727 2234 quae
748 2151 876 2236 quidem
904 2163 951 2214 est
980 2149 1107 2214 nomine
1136 2148 1268 2228 cognita,

120 2249 308 2334 Φηραῑοι
334 2250 396 2315 luit
423 2251 587 2334 inscripta.
629 2254 762 2334 Exstant
790 2255 960 2339 reliquiae,
982 2253 1083 2316 titulo
1105 2249 1268 2314 distinctae

117 2376 173 2436 ap.
195 2353 381 2436 stobaeum,
402 2357 503 2422 serm.
523 2381 575 2441 ap.
593 2359 710 2422 chh.
731 2361 812 2422 279:

205 2465 208 2470 '
292 2455 393 2529 νινόν
413 2455 591 2539 θανόντας
611 2456 734 2548 ἀνδρὸς
757 2461 902 2544 ciuicam
923 2456 1041 2539 σκιάν,

293 2561 420 2641 ζῶντας
440 2556 612 2644 uolricus,
632 2557 676 2634 οὐ
697 2565 877 2638 θανόντας
897 2555 1044 2647 εὐσεβές·

117 2661 236 2746 qnibm
256 2671 352 2743 po'e'ta
373 2661 548 2745 dissuadet,
579 2687 619 2729 ne
641 2665 713 2750 quis
734 2683 850 2748 corpus
869 2675 1029 2728 mortuum
1048 2660 1171 2741 laedat,
1199 2673 1268 2723 tan·

118 2788 217 2851 quam
233 2766 280 2829 ita
296 2767 398 2850 possit
418 2771 507 2832 luere
529 2771 639 2850 scelus,
660 2793 679 2834 a
698 2770 773 2836 atto
793 2769 921 2832 homine
942 2767 1121 2831 admissum.
1162 2767 1268 2848 Atque

117 2875 197 2935 haec
219 2873 393 2936 sententiae
414 2871 588 2938 similitudo
609 2893 669 2935 nos
693 2872 820 2936 deducit
840 2870 881 2933 sd
908 2893 978 2934 cam
1005 2871 1202 2951 opinionem,
1232 2879 1269 2928 ut

118 2975 201 3050 alios
225 2993 353 3058 quoque
373 2977 469 3054 locos,
496 2995 575 3058 quoe
592 2973 750 3039 'Stobaeus
771 2974 919 3052 sanavit,
943 2973 1046 3036 Sarna.
1065 2975 1140 3056 279,
1163 2973 1267 3052 Eclcg.

119 3081 178 3142 Ph.
198 3081 225 3158 l,
245 3079 306 3159 38,
336 3099 407 3144 cum
436 3079 493 3157 illo
523 3081 700 3160 fragmento
724 3075 905 3157 conjunctos
932 3077 1009 3139 clim
1035 3073 1205 3156 eademque
1228 3094 1268 3135 ex

119 3183 229 3245 fabula
249 3181 432 3265 desumptus
450 3183 547 3251 luisse
566 3195 730 3266 putemus3
751 3201 823 3244 nam
844 3181 879 3242 in
898 3181 940 3242 iis
960 3179 1104 3242 omnibns
1118 3180 1168 3256 jue
1182 3197 1268 3240 mor·

119 3299 176 3349 tua
203 3286 367 3353 hominum
390 3286 543 3352 cadavera
570 3285 743 3368 sepeliendi
765 3283 1000 3349 commendatur
1019 3281 1116 3347 variis
1136 3279 1268 3343 rationi·

119 3391 191 3452 bus.
233 3389 464 3469 Mwmentum
486 3409 527 3454 ex
547 3389 675 3454 nomine
693 3389 805 3473 nequit
822 3386 975 3470 cognosci.
1017 3385 1099 3448 Sunt
1119 3403 1196 3449 vero
1216 3404 1266 3446 re·

119 3491 255 3576 liquise,
284 3513 365 3575 quae
393 3493 485 3556 facile
510 3493 546 3556 id
576 3495 669 3559 noble
698 3493 883 3576 significent·
931 3492 1014 3556 Nem
1043 3509 1153 3555 versus
1182 3485 1266 3570 opud

120 3593 292 3672 stobaeum
313 3595 415 3669 Serm.
436 3600 517 3662 2772
910 3651 913 3659 ,

210 3755 218 3766 .
292 3693 403 3768 ἐάσατ’
417 3695 482 3784 ἤδη
501 3700 545 3786 γῄ
568 3698 787 3786 καλυφθῆναι
808 3688 965 3782 seconde·

294 3796 383 3871 ὅθεν
406 3794 439 3873 δ’
453 3809 597 3870 ἕκαστον
616 3805 666 3877 sic
685 3796 726 3870 sd
746 3793 828 3886 σῶμ’
839 3800 977 3886 ἀφίκοιο
984 3848 996 3879 ,

258 3897 262 3900 ’
292 3895 433 3974 ἐνταῦθ’
446 3899 636 3984 ἀπελθεῖν,
657 3905 798 3992 πνεῦμα
820 3907 888 3990 μὲν
910 3897 996 3986 πρὸς
1017 3901 1158 3985 αἰθέρα,
1250 3897 1258 3908 ’

292 4002 331 4077 sd
352 4005 449 4092 σῶμα
474 4000 509 4073 δ’
525 4009 576 4084 sic
595 4007 672 4093 γῆν.
694 4003 771 4076 osias
791 4002 859 4092 yda
879 4003 1077 4089 ussteigands

291 4102 457 4194 signienses
479 4099 585 4187 oded,
607 4103 698 4196 πλὴν
718 4111 891 4193 ἐνοικῆσαι
910 4107 1009 4194 βίον·

294 4211 439 4299 uenena
461 4201 526 4296 τὴν
548 4212 730 4298 θρέψασαν
754 4203 839 4280 oded
861 4211 911 4278 δεῖ
931 4211 1060 4296 λαβεῖν·
1082 4267 1087 4280 .,

121 4315 192 4382 aliie
212 4313 248 4378 iu
268 4314 360 4378 libris
375 4313 551 4381 Menandro
574 4313 768 4394 tribuuntur,
789 4314 859 4378 aliis
882 4332 958 4378 sero
978 4309 1165 4376 Mosclrioui.
1208 4313 1265 4374 At·

121 4418 179 4501 qui
200 4438 292 4484 nemo
315 4418 353 4481 de
371 4417 547 4484 Menandro
569 4417 728 4500 cogitabit,
749 4419 805 4503 qui
827 4416 975 4500 tragicam
997 4435 1106 4480 eorum
1127 4413 1265 4480 indolem
