3072 5012
1204 343 1274 424 161
1333 429 1337 436 ,

110 523 247 612 πρῶτον
266 517 390 608 ἐφάνη·
427 521 495 588 tart
511 517 575 608 γάρ
595 517 757 646 ripoidp'
741 545 760 588 ο
785 521 885 612 χορὸς
909 520 1116 615 ὀρχούμενος.
1159 526 1279 610 ἔοιηοι
1336 517 1340 524 ’
1520 565 1521 608 ι

110 630 150 694 δὲ
179 625 286 714 adada
314 623 442 714 πρώιος
458 623 630 715 'Aaron‘
605 651 641 694 ο
656 627 891 756 Μιθνιινοιῖος.
921 619 1008 696 εἶτα
1028 631 1188 712 Λᾶσος
1170 657 1189 700 ο
1208 631 1278 724 Ἑρ·

109 733 254 824 proceda.
306 737 336 822 ᾗ.
357 731 520 812 Ἄλλως.
537 735 714 815 συνίστησι
732 734 796 824 γὀὶρ
822 727 874 801 ὅτι
901 759 1028 826 ιιριοτος
1054 739 1091 804 ἐν
1115 739 1279 832 Κορίνθῳ
1396 820 1407 832 ³

91 839 329 931 ,διθύραμβος
350 837 536 927 er’cripdn,‘
523 864 560 940 ος
582 829 624 922 ἦν
644 838 773 920 κύκλιος
792 838 898 928 χορός.
936 839 1100 930 Ἀρίονος
1121 847 1181 914 τοῦ
1204 851 1279 914 Ma

110 948 288 1034 θνμνοιίοο
309 944 557 1029 auctionator
565 946 678 1014 αὐτόν.
719 951 798 1016 Jam
826 972 904 1016 vero
935 973 1010 1016 curn
1023 951 1097 1019 'de
1106 954 1276 1024 inventore

111 1055 304 1156 dithyrambi
325 1055 417 1122 nobis
440 1057 516 1122 satis
538 1065 677 1137 constet,
709 1055 806 1122 etiam
826 1055 963 1122 ulterius
980 1055 1275 1150 progrediendifa·

14 1229 15 1234 ,
112 1163 233 1229 ciamus
257 1161 450 1263 periculum,
472 1173 578 1252 neque
601 1160 753 1251 amplius,
779 1165 831 1230 cui
852 1153 1030 1229 inventum
1041 1164 1082 1230 sit
1103 1177 1274 1257 acceptum

111 1269 329 1349 referendum,
348 1267 520 1358 litigemus,
543 1265 632 1334 sed
619 1286 688 1358 Jam
710 1288 785 1334 cum
806 1267 947 1335 Pindaro
971 1283 1176 1376 quaeramus:

269 1383 318 1423 ¹³³
395 1376 460 1438 Τοι
483 1367 655 1440 Διωνύσου
677 1363 810 1439 πόθεν
831 1367 993 1461 ἐξέφοινον

266 1495 269 1504 “
373 1479 463 1546 xta
487 1478 640 1569 βοηλάτᾳ
657 1469 812 1568 Χάριτες

14 1631 18 1674 ,
168 1579 170 1590 ¹
212 1599 215 1606 ’
248 1595 253 1620 ”
288 1575 323 1630 .'
389 1584 615 1682 Διθιιροιμβιις
666 1603 672 1612 “

109 1695 184 1764 Nec
209 1692 288 1760 mibi
314 1716 390 1761 curn
418 1693 479 1760 alio
502 1687 683 1759 Scholiasta
705 1692 797 1760 adh'.
820 1693 840 1760 ι
859 1697 1058 1794 respondeat
1085 1685 1273 1790 quisquam:

110 1797 170 1866 οὐκ
192 1797 259 1866 ἀπὸ
286 1787 476 1886 Κορινθονς
507 1801 536 1886 ᾗ.
560 1786 714 1878 δηλονότι
736 1797 772 1863 ἐν
797 1789 991 1908 Κορίνθῳ.
1013 1789 1044 1930 Is
1066 1805 1152 1870 enim
1173 1801 1271 1896 lobge

111 1929 227 1975 avero
251 1907 454 1974 aberraverit
519 1943 522 1950 .
724 1943 725 1946 ι
1117 1939 1120 1948 <
1154 1948 1157 1956 1

143 2016 237 2097 1)
251 2013 379 2080 Etenim
401 2011 655 2102 dithyrambum
652 2011 790 2079 Graeci
805 2012 934 2133 quidem
955 2003 1150 2112 Corinthiis
1144 2039 1272 2110 accep

14 2153 15 2160 ι
109 2130 193 2187 turn
198 2119 392 2200 retulerunt,
402 2119 587 2186 Corinthii·
584 2140 671 2186 vero
695 2119 819 2200 Arioni',
843 2120 910 2224 qui·‚
933 2119 1049 2186 unde
1024 2122 1148 2242 qpsdm
1170 2133 1271 2192 terra

109 2237 182 2294 rum
196 2217 361 2310 induxerit
369 2224 574 2308 Corinthum,
596 2246 708 2292 eorum
716 2213 943 2328 subterfugere
965 2228 1127 2295 neminem
1138 2232 1272 2352 poterit,

14 2387 19 2426 ,
110 2332 167 2424 qui
189 2331 389 2432 Graecarum
408 2331 597 2415 fabularum,
620 2340 777 2422 quatenus
801 2329 841 2397 ad
862 2333 1094 2400 inventiones
1085 2357 1118 2402 ιιι
1140 2337 1273 2404 musicis

14 2417 19 2436 Α
109 2439 207 2506 rebus
240 2433 377 2530 peregre
409 2436 512 2504 illatas
546 2439 723 2529 pertinent,
755 2437 959 2505 mediocriter
990 2447 1115 2506 tantum
1145 2443 1274 2510 noverit

109 2547 226 2612 faciem
251 2544 467 2636 indolemque
516 2545 564 2612 Ac
591 2545 770 2612 rectissime
800 2543 930 2635 quidem
958 2546 1101 2614 Jacobus
1122 2535 1272 2634 Quaestt.

109 2651 263 2754 Sophocl
278 2674 308 2741 p
322 2653 372 2718 69
396 2652 435 2718 ιι.
451 2673 481 2750 p.
496 2653 538 2716 72
564 2647 755 2740 dithyrambi
780 2651 998 2719 inventionem
1020 2653 1273 2745 abjudicandam

110 2779 183 2824 esse
207 2755 340 2824 Graecis
363 2759 475 2823 statuit
493 2791 538 2805 —-
558 2757 771 2846 „dithyrambi
791 2779 880 2840 vero,
904 2759 956 2840 ait,
978 2769 1010 2826 et
1031 2761 1216 2852 tragoediae
1239 2771 1272 2830 ct

108 2853 323 2954 phallicorum
350 2865 454 2954 prima
480 2863 586 2944 initia,
619 2865 689 2954 quis
720 2861 753 2927 in
783 2860 918 2928 Graecia
950 2862 1061 2930 credat
1079 2875 1160 2932 orta
1190 2865 1274 2988 es'se,

110 2986 186 3036 cum
206 2969 288 3037 haec
320 2971 423 3038 omnis
451 2969 559 3061 poesis
588 2966 629 3034 ad
651 2965 773 3034 Bacchi
801 2965 972 3058 religiones
1001 2957 1211 3058 pertineret’*
1228 3007 1273 3022 -ω

14 3129 15 3138 ,
108 3077 196 3143 idem
218 3098 304 3144 vero
340 3079 393 3144 in
407 3099 446 3144 eo
483 3075 649 3142 admisisse
688 3095 830 3141 errorem
860 3073 1064 3142 manifestus
1083 3087 1145 3160 est,
1185 3078 1273 3170 quod

14 3258 15 3280 ,
61 3261 72 3274 Ι
109 3169 286 3286 Phrygiam
319 3167 467 3249 carminis
495 3182 632 3273 patriam
664 3179 848 3262 arbitratur,
880 3189 949 3246 tum
978 3183 1051 3272 quia
1082 3182 1273 3252 furibundae

14 3281 15 3368 f
110 3279 403 3372 cornmissationes,
427 3311 506 3378 quas
529 3286 633 3377 fingit,
651 3286 707 3352 vix
730 3284 857 3353 aliunde
880 3285 1017 3354 derivari
1041 3299 1174 3410 queant,
1203 3299 1274 3356 tum

14 3395 15 3402 '
110 3395 198 3485 quia
211 3393 333 3478 hircus,
363 3417 460 3486 quem
489 3396 535 3461 in
551 3391 826 3494 dithyramborum
850 3415 978 3484 quoque
1004 3395 1156 3496 praemiis
1178 3417 1274 3463 suum

110 3501 286 3569 obtinuisse
314 3500 435 3568 locum
452 3490 667 3568 ridebimus
658 3519 691 3564 ιιι
720 3497 791 3588 ipso
818 3499 1022 3588 potissimum
1042 3489 1230 3568 Asiatico
1204 3525 1274 3571 sive

108 3605 253 3696 Phrygio
285 3605 424 3696 Dionysi
455 3607 544 3676 cultu
572 3603 756 3696 symbolum
783 3607 982 3693 procreantis
1016 3617 1152 3676 naturae
1179 3610 1275 3677 fuerit

108 3714 428 3807 praestantissimum.
471 3711 649 3802 Phrygium
671 3731 802 3779 carmen
825 3734 897 3778 esse
919 3708 1155 3804 dithyrambum
1173 3716 1274 3782 etiam

110 3807 306 3887 Theodorus·
315 3817 433 3886 Menke
448 3825 589 3885 statuere
610 3818 737 3909 videtur
757 3820 790 3884 in
806 3812 962 3906 Lydiccis
979 3821 1275 3906 (castrasse)
1372 3809 1378 3826 ”

107 3949 140 4012 p.
153 3931 216 3992 46
223 3923 269 3992 eo
289 3934 486 4006 commotus,
505 3923 602 4016 quod
622 3901 704 3989 teste
727 3924 898 3992 Aristotele
921 3923 1111 4014 dithyrambi
1132 3923 1274 4015 plerum

110 4035 176 4122 que'
192 4029 373 4118 Φρνγιοιὶ
406 4030 577 4120 compositi
607 4013 762 4128 luerint
791 4030 965 4098 Ceterum
976 4030 1138 4098 Jacobus
1137 4029 1225 4098 licet
1254 4053 1274 4098 a

110 4159 227 4228 scopo,
260 4155 377 4233 quem
386 4138 613 4228 appetiverat,
652 4135 827 4228 longinque
861 4135 1069 4220 aberraverit,
1109 4136 1148 4205 ab
1183 4137 1277 4205 initio'

109 4244 273 4310 tamen‘in
294 4246 352 4312 via
368 4244 551 4314 rectissima
573 4252 763 4335 progressus
782 4242 932 4325 videtur3
966 4243 1133 4334 siquidem
1150 4246 1212 4312 ct
1203 4255 1273 4336 qise

108 4351 151 4416 in*
177 4349 448 4420 demonstrandis·
467 4349 562 4442 ιιιιιιιι
590 4349 748 4439 poematis
776 4342 992 4432 incunabulis,
1024 4371 1090 4418 non
1107 4353 1272 4444 magica

1030 4458 1067 4522 ll
