<?xml version="1.0" encoding="UTF-8"?>
<!DOCTYPE html PUBLIC "-//W3C//DTD XHTML 1.0 Transitional//EN"
    "http://www.w3.org/TR/xhtml1/DTD/xhtml1-transitional.dtd">
<html xmlns="http://www.w3.org/1999/xhtml" xml:lang="en" lang="en">
 <head>
  <title>
</title>
<meta http-equiv="Content-Type" content="text/html;charset=utf-8" />
  <meta name='ocr-system' content='tesseract 3.04.00' />
  <meta name='ocr-capabilities' content='ocr_page ocr_carea ocr_par ocr_line ocrx_word'/>
</head>
<body>
  <div class='ocr_page' id='page_1' title='image "./historiacritica01kaysgoog_0030.png"; bbox 0 0 3044 4982; ppageno 0'>
   <div class='ocr_carea' id='block_1_1' title="bbox 785 285 899 368">
    <p class='ocr_par' dir='ltr' id='par_1_1' title="bbox 785 285 899 368">
     <span class='ocr_line' id='line_1_1' title="bbox 785 285 899 368; baseline -0.009 0"><span class='ocrx_word' id='word_1_1' title='bbox 785 285 899 368; x_wconf 78' lang='lat' dir='ltr'>xxvl</span> 
     </span>
    </p>
   </div>
   <div class='ocr_carea' id='block_1_2' title="bbox 269 477 1424 3548">
    <p class='ocr_par' dir='ltr' id='par_1_2' title="bbox 269 477 1424 3548">
     <span class='ocr_line' id='line_1_2' title="bbox 270 477 1424 560; baseline -0.001 -16"><span class='ocrx_word' id='word_1_2' title='bbox 270 481 376 544; x_wconf 67' lang='lat' dir='ltr'><strong>omnus</strong></span> <span class='ocrx_word' id='word_1_3' title='bbox 400 477 438 541; x_wconf 90' lang='lat' dir='ltr'><strong>de</strong></span> <span class='ocrx_word' id='word_1_4' title='bbox 461 477 624 559; x_wconf 73' lang='lat' dir='ltr'><strong>Agathone</strong></span> <span class='ocrx_word' id='word_1_5' title='bbox 645 497 681 540; x_wconf 88' lang='lat' dir='ltr'><strong>ee</strong></span> <span class='ocrx_word' id='word_1_6' title='bbox 700 477 856 560; x_wconf 76' lang='lat' dir='ltr'><strong>Dionysio</strong></span> <span class='ocrx_word' id='word_1_7' title='bbox 876 478 1029 560; x_wconf 88' lang='lat' dir='ltr'><strong>loquitur.</strong></span> <span class='ocrx_word' id='word_1_8' title='bbox 1081 479 1242 560; x_wconf 80' lang='lat' dir='ltr'><strong>Longinus</strong></span> <span class='ocrx_word' id='word_1_9' title='bbox 1272 483 1312 546; x_wconf 81' lang='lat' dir='ltr'><strong>de</strong></span> <span class='ocrx_word' id='word_1_10' title='bbox 1341 488 1424 550; x_wconf 75' lang='lat' dir='ltr'><strong>lone</strong></span> 
     </span>
     <span class='ocr_line' id='line_1_3' title="bbox 269 578 1421 666; baseline 0.006 -20"><span class='ocrx_word' id='word_1_11' title='bbox 269 583 419 664; x_wconf 78' lang='lat' dir='ltr'><strong>legendus</strong></span> <span class='ocrx_word' id='word_1_12' title='bbox 442 593 499 642; x_wconf 90' lang='lat' dir='ltr'><strong>eet.</strong></span> <span class='ocrx_word' id='word_1_13' title='bbox 542 578 656 644; x_wconf 75' lang='lat' dir='ltr'><strong>sexus</strong></span> <span class='ocrx_word' id='word_1_14' title='bbox 677 581 854 662; x_wconf 86' lang='lat' dir='ltr'><strong>Empiricus</strong></span> <span class='ocrx_word' id='word_1_15' title='bbox 874 580 938 644; x_wconf 92' lang='lat' dir='ltr'><strong>duo</strong></span> <span class='ocrx_word' id='word_1_16' title='bbox 959 580 1078 646; x_wconf 81' lang='lat' dir='ltr'><strong>Critiae</strong></span> <span class='ocrx_word' id='word_1_17' title='bbox 1093 583 1289 666; x_wconf 57' lang='lat' dir='ltr'><strong>&#39;stagneum</strong></span> <span class='ocrx_word' id='word_1_18' title='bbox 1318 609 1421 652; x_wconf 85' lang='lat' dir='ltr'><strong>unum</strong></span> 
     </span>
     <span class='ocr_line' id='line_1_4' title="bbox 270 683 1423 774; baseline 0.004 -24"><span class='ocrx_word' id='word_1_19' title='bbox 270 688 354 750; x_wconf 88' lang='lat' dir='ltr'><strong>lonis</strong></span> <span class='ocrx_word' id='word_1_20' title='bbox 373 685 510 748; x_wconf 84' lang='lat' dir='ltr'><strong>exhibet.</strong></span> <span class='ocrx_word' id='word_1_21' title='bbox 553 685 627 746; x_wconf 84' lang='lat' dir='ltr'><strong>Peri</strong></span> <span class='ocrx_word' id='word_1_22' title='bbox 642 683 736 746; x_wconf 87' lang='lat' dir='ltr'><strong>modo</strong></span> <span class='ocrx_word' id='word_1_23' title='bbox 753 705 978 768; x_wconf 87' lang='lat' dir='ltr'><strong>nonnunquam</strong></span> <span class='ocrx_word' id='word_1_24' title='bbox 994 685 1137 748; x_wconf 77' lang='lat' dir='ltr'><strong>conferre</strong></span> <span class='ocrx_word' id='word_1_25' title='bbox 1155 685 1316 770; x_wconf 86' lang='lat' dir='ltr'><strong>dehemus,</strong></span> <span class='ocrx_word' id='word_1_26' title='bbox 1336 713 1423 774; x_wconf 80' lang='lat' dir='ltr'><strong>quae</strong></span> 
     </span>
     <span class='ocr_line' id='line_1_5' title="bbox 269 787 1423 871; baseline 0.005 -19"><span class='ocrx_word' id='word_1_27' title='bbox 269 789 433 866; x_wconf 83' lang='lat' dir='ltr'><strong>Aristides,</strong></span> <span class='ocrx_word' id='word_1_28' title='bbox 455 789 706 871; x_wconf 82' lang='lat' dir='ltr'><strong>Chrysostomue,</strong></span> <span class='ocrx_word' id='word_1_29' title='bbox 723 787 881 866; x_wconf 79' lang='lat' dir='ltr'><strong>libanius,</strong></span> <span class='ocrx_word' id='word_1_30' title='bbox 901 787 1060 852; x_wconf 67' lang='lat' dir='ltr'><strong>Matinum</strong></span> <span class='ocrx_word' id='word_1_31' title='bbox 1078 789 1423 870; x_wconf 56' lang='lat' dir='ltr'><strong>Tyrius-&#39;themistius</strong></span> 
     </span>
     <span class='ocr_line' id='line_1_6' title="bbox 270 891 1423 978; baseline 0.003 -20"><span class='ocrx_word' id='word_1_32' title='bbox 270 894 440 976; x_wconf 84' lang='lat' dir='ltr'><strong>disputant.</strong></span> <span class='ocrx_word' id='word_1_33' title='bbox 471 891 577 956; x_wconf 56' lang='lat' dir='ltr'><strong>*Unda</strong></span> <span class='ocrx_word' id='word_1_34' title='bbox 598 893 742 972; x_wconf 75' lang='lat' dir='ltr'><strong>tragicos,</strong></span> <span class='ocrx_word' id='word_1_35' title='bbox 767 891 801 954; x_wconf 88' lang='lat' dir='ltr'><strong>in</strong></span> <span class='ocrx_word' id='word_1_36' title='bbox 824 909 972 954; x_wconf 83' lang='lat' dir='ltr'><strong>canonem</strong></span> <span class='ocrx_word' id='word_1_37' title='bbox 994 893 1121 969; x_wconf 83' lang='lat' dir='ltr'><strong>relatos,</strong></span> <span class='ocrx_word' id='word_1_38' title='bbox 1137 907 1324 977; x_wconf 67' lang='lat' dir='ltr'><strong>*quanquam</strong></span> <span class='ocrx_word' id='word_1_39' title='bbox 1345 899 1423 978; x_wconf 81' lang='lat' dir='ltr'><strong>plus</strong></span> 
     </span>
     <span class='ocr_line' id='line_1_7' title="bbox 270 995 1421 1079; baseline 0.004 -21"><span class='ocrx_word' id='word_1_40' title='bbox 270 997 410 1074; x_wconf 81' lang='lat' dir='ltr'><strong>honoris,</strong></span> <span class='ocrx_word' id='word_1_41' title='bbox 431 1013 525 1079; x_wconf 87' lang='lat' dir='ltr'><strong>quem</strong></span> <span class='ocrx_word' id='word_1_42' title='bbox 547 995 852 1074; x_wconf 81' lang='lat' dir='ltr'><strong>cetehihaboerunt,</strong></span> <span class='ocrx_word' id='word_1_43' title='bbox 873 1006 978 1057; x_wconf 85' lang='lat' dir='ltr'><strong>tamen</strong></span> <span class='ocrx_word' id='word_1_44' title='bbox 1000 1013 1066 1058; x_wconf 90' lang='lat' dir='ltr'><strong>non</strong></span> <span class='ocrx_word' id='word_1_45' title='bbox 1088 1007 1207 1062; x_wconf 84' lang='lat' dir='ltr'><strong>tentam</strong></span> <span class='ocrx_word' id='word_1_46' title='bbox 1230 997 1356 1062; x_wconf 87' lang='lat' dir='ltr'><strong>leudem</strong></span> <span class='ocrx_word' id='word_1_47' title='bbox 1376 1001 1421 1062; x_wconf 86' lang='lat' dir='ltr'><strong>iis</strong></span> 
     </span>
     <span class='ocr_line' id='line_1_8' title="bbox 270 1095 1420 1179; baseline 0 -17"><span class='ocrx_word' id='word_1_48' title='bbox 270 1098 458 1162; x_wconf 71' lang='lat' dir='ltr'><strong>detrectasse</strong></span> <span class='ocrx_word' id='word_1_49' title='bbox 486 1109 637 1179; x_wconf 85' lang='lat' dir='ltr'><strong>apparet,</strong></span> <span class='ocrx_word' id='word_1_50' title='bbox 669 1109 705 1158; x_wconf 89' lang='lat' dir='ltr'><strong>ut</strong></span> <span class='ocrx_word' id='word_1_51' title='bbox 733 1097 757 1158; x_wconf 92' lang='lat' dir='ltr'><strong>ii</strong></span> <span class='ocrx_word' id='word_1_52' title='bbox 784 1095 945 1161; x_wconf 74' lang='lat' dir='ltr'><strong>fastidiose</strong></span> <span class='ocrx_word' id='word_1_53' title='bbox 972 1098 1012 1160; x_wconf 88' lang='lat' dir='ltr'><strong>ab</strong></span> <span class='ocrx_word' id='word_1_54' title='bbox 1040 1098 1186 1162; x_wconf 84' lang='lat' dir='ltr'><strong>omnihus</strong></span> <span class='ocrx_word' id='word_1_55' title='bbox 1214 1101 1322 1178; x_wconf 73' lang='lat' dir='ltr'><strong>rejecti</strong></span> <span class='ocrx_word' id='word_1_56' title='bbox 1343 1101 1420 1162; x_wconf 89' lang='lat' dir='ltr'><strong>eint.</strong></span> 
     </span>
     <span class='ocr_line' id='line_1_9' title="bbox 270 1198 1422 1286; baseline 0.003 -22"><span class='ocrx_word' id='word_1_57' title='bbox 270 1203 360 1264; x_wconf 88' lang='lat' dir='ltr'><strong>Atei</strong></span> <span class='ocrx_word' id='word_1_58' title='bbox 383 1221 480 1264; x_wconf 88' lang='lat' dir='ltr'><strong>canon</strong></span> <span class='ocrx_word' id='word_1_59' title='bbox 495 1204 581 1264; x_wconf 72' lang='lat' dir='ltr'><strong>:hanc</strong></span> <span class='ocrx_word' id='word_1_60' title='bbox 602 1201 667 1265; x_wconf 85' lang='lat' dir='ltr'><strong>vitn</strong></span> <span class='ocrx_word' id='word_1_61' title='bbox 692 1221 732 1262; x_wconf 90' lang='lat' dir='ltr'><strong>ne</strong></span> <span class='ocrx_word' id='word_1_62' title='bbox 758 1200 791 1262; x_wconf 88' lang='lat' dir='ltr'><strong>in</strong></span> <span class='ocrx_word' id='word_1_63' title='bbox 820 1219 873 1265; x_wconf 84' lang='lat' dir='ltr'><strong>eos</strong></span> <span class='ocrx_word' id='word_1_64' title='bbox 895 1198 1023 1282; x_wconf 65' lang='lat' dir='ltr'><strong>mudena</strong></span> <span class='ocrx_word' id='word_1_65' title='bbox 1044 1201 1203 1279; x_wconf 81' lang='lat' dir='ltr'><strong>exercuit,</strong></span> <span class='ocrx_word' id='word_1_66' title='bbox 1231 1203 1316 1285; x_wconf 79' lang='lat' dir='ltr'><strong>epod</strong></span> <span class='ocrx_word' id='word_1_67' title='bbox 1337 1224 1422 1286; x_wconf 84' lang='lat' dir='ltr'><strong>quos</strong></span> 
     </span>
     <span class='ocr_line' id='line_1_10' title="bbox 269 1301 1418 1388; baseline 0.005 -24"><span class='ocrx_word' id='word_1_68' title='bbox 269 1305 439 1368; x_wconf 79' lang='lat' dir='ltr'><strong>auctoritas</strong></span> <span class='ocrx_word' id='word_1_69' title='bbox 452 1302 739 1368; x_wconf 71' lang='lat' dir='ltr'><strong>Aletendrinornnt</strong></span> <span class='ocrx_word' id='word_1_70' title='bbox 754 1304 923 1370; x_wconf 86' lang='lat' dir='ltr'><strong>maximum</strong></span> <span class='ocrx_word' id='word_1_71' title='bbox 942 1301 1067 1384; x_wconf 83' lang='lat' dir='ltr'><strong>pondus</strong></span> <span class='ocrx_word' id='word_1_72' title='bbox 1084 1305 1229 1382; x_wconf 77' lang='lat' dir='ltr'><strong>habehat,</strong></span> <span class='ocrx_word' id='word_1_73' title='bbox 1249 1305 1328 1388; x_wconf 79' lang='lat' dir='ltr'><strong>quid</strong></span> <span class='ocrx_word' id='word_1_74' title='bbox 1344 1327 1418 1370; x_wconf 87' lang='lat' dir='ltr'><strong>eum</strong></span> 
     </span>
     <span class='ocr_line' id='line_1_11' title="bbox 270 1405 1421 1488; baseline 0.003 -18"><span class='ocrx_word' id='word_1_75' title='bbox 270 1407 310 1470; x_wconf 83' lang='lat' dir='ltr'><strong>ab</strong></span> <span class='ocrx_word' id='word_1_76' title='bbox 332 1405 402 1468; x_wconf 88' lang='lat' dir='ltr'><strong>aliis</strong></span> <span class='ocrx_word' id='word_1_77' title='bbox 422 1417 488 1468; x_wconf 88' lang='lat' dir='ltr'><strong>tam</strong></span> <span class='ocrx_word' id='word_1_78' title='bbox 508 1406 655 1485; x_wconf 73' lang='lat' dir='ltr'><strong>religiose</strong></span> <span class='ocrx_word' id='word_1_79' title='bbox 681 1419 841 1470; x_wconf 85' lang='lat' dir='ltr'><strong>servatum</strong></span> <span class='ocrx_word' id='word_1_80' title='bbox 863 1421 990 1484; x_wconf 80' lang='lat' dir='ltr'><strong>censes,</strong></span> <span class='ocrx_word' id='word_1_81' title='bbox 1015 1406 1071 1488; x_wconf 89' lang='lat' dir='ltr'><strong>qul</strong></span> <span class='ocrx_word' id='word_1_82' title='bbox 1093 1408 1146 1470; x_wconf 83' lang='lat' dir='ltr'><strong>vel</strong></span> <span class='ocrx_word' id='word_1_83' title='bbox 1172 1407 1241 1470; x_wconf 80' lang='lat' dir='ltr'><strong>aliit</strong></span> <span class='ocrx_word' id='word_1_84' title='bbox 1263 1428 1280 1468; x_wconf 90' lang='lat' dir='ltr'><strong>e</strong></span> <span class='ocrx_word' id='word_1_85' title='bbox 1303 1410 1421 1474; x_wconf 83' lang='lat' dir='ltr'><strong>scholis</strong></span> 
     </span>
     <span class='ocr_line' id='line_1_12' title="bbox 271 1510 1423 1593; baseline 0.006 -22"><span class='ocrx_word' id='word_1_86' title='bbox 271 1521 388 1588; x_wconf 84' lang='lat' dir='ltr'><strong>erant,</strong></span> <span class='ocrx_word' id='word_1_87' title='bbox 408 1510 459 1572; x_wconf 82' lang='lat' dir='ltr'><strong>vel</strong></span> <span class='ocrx_word' id='word_1_88' title='bbox 482 1510 550 1574; x_wconf 89' lang='lat' dir='ltr'><strong>aliis</strong></span> <span class='ocrx_word' id='word_1_89' title='bbox 573 1511 786 1589; x_wconf 71' lang='lat' dir='ltr'><strong>bibliothecis,</strong></span> <span class='ocrx_word' id='word_1_90' title='bbox 817 1511 949 1593; x_wconf 89' lang='lat' dir='ltr'><strong>aliisque</strong></span> <span class='ocrx_word' id='word_1_91' title='bbox 970 1512 1141 1575; x_wconf 87' lang='lat' dir='ltr'><strong>utebantur</strong></span> <span class='ocrx_word' id='word_1_92' title='bbox 1161 1512 1314 1578; x_wconf 89' lang='lat' dir='ltr'><strong>librorum</strong></span> <span class='ocrx_word' id='word_1_93' title='bbox 1337 1527 1423 1578; x_wconf 86' lang='lat' dir='ltr'><strong>cata·</strong></span> 
     </span>
     <span class='ocr_line' id='line_1_13' title="bbox 270 1609 1421 1696; baseline 0.005 -24"><span class='ocrx_word' id='word_1_94' title='bbox 270 1609 373 1692; x_wconf 79' lang='lat' dir='ltr'><strong>logie?</strong></span> <span class='ocrx_word' id='word_1_95' title='bbox 415 1612 498 1676; x_wconf 87' lang='lat' dir='ltr'><strong>Nem</strong></span> <span class='ocrx_word' id='word_1_96' title='bbox 520 1615 627 1694; x_wconf 84' lang='lat' dir='ltr'><strong>paullo</strong></span> <span class='ocrx_word' id='word_1_97' title='bbox 655 1613 778 1678; x_wconf 82' lang='lat' dir='ltr'><strong>diverse</strong></span> <span class='ocrx_word' id='word_1_98' title='bbox 805 1613 995 1696; x_wconf 83' lang='lat' dir='ltr'><strong>scriptorum</strong></span> <span class='ocrx_word' id='word_1_99' title='bbox 1016 1613 1107 1696; x_wconf 88' lang='lat' dir='ltr'><strong>copie</strong></span> <span class='ocrx_word' id='word_1_100' title='bbox 1126 1615 1270 1694; x_wconf 82' lang='lat' dir='ltr'><strong>Pergami</strong></span> <span class='ocrx_word' id='word_1_101' title='bbox 1291 1615 1421 1680; x_wconf 84' lang='lat' dir='ltr'><strong>condita</strong></span> 
     </span>
     <span class='ocr_line' id='line_1_14' title="bbox 271 1714 1421 1796; baseline 0.005 -20"><span class='ocrx_word' id='word_1_102' title='bbox 271 1715 342 1778; x_wconf 84' lang='lat' dir='ltr'><strong>luit.</strong></span> <span class='ocrx_word' id='word_1_103' title='bbox 386 1714 487 1792; x_wconf 76' lang='grc' dir='ltr'><strong><em>Οαεαα</em></strong></span> <span class='ocrx_word' id='word_1_104' title='bbox 507 1715 706 1795; x_wconf 82' lang='lat' dir='ltr'><strong>Pergameni,</strong></span> <span class='ocrx_word' id='word_1_105' title='bbox 730 1736 800 1781; x_wconf 88' lang='lat' dir='ltr'><strong>cum</strong></span> <span class='ocrx_word' id='word_1_106' title='bbox 820 1715 854 1778; x_wconf 89' lang='lat' dir='ltr'><strong>in</strong></span> <span class='ocrx_word' id='word_1_107' title='bbox 875 1715 1018 1780; x_wconf 80' lang='lat' dir='ltr'><strong>ordinem</strong></span> <span class='ocrx_word' id='word_1_108' title='bbox 1041 1715 1247 1796; x_wconf 80' lang='lat' dir='ltr'><strong>redegissent,</strong></span> <span class='ocrx_word' id='word_1_109' title='bbox 1268 1718 1303 1781; x_wconf 91' lang='lat' dir='ltr'><strong>in</strong></span> <span class='ocrx_word' id='word_1_110' title='bbox 1324 1720 1421 1782; x_wconf 84' lang='lat' dir='ltr'><strong>tehu-</strong></span> 
     </span>
     <span class='ocr_line' id='line_1_15' title="bbox 269 1815 1420 1900; baseline 0.003 -20"><span class='ocrx_word' id='word_1_111' title='bbox 269 1818 310 1880; x_wconf 88' lang='lat' dir='ltr'><strong>lis</strong></span> <span class='ocrx_word' id='word_1_112' title='bbox 342 1815 590 1899; x_wconf 85' lang='lat' dir='ltr'><strong>descripserunt,</strong></span> <span class='ocrx_word' id='word_1_113' title='bbox 624 1835 705 1900; x_wconf 86' lang='lat' dir='ltr'><strong>quae</strong></span> <span class='ocrx_word' id='word_1_114' title='bbox 735 1821 943 1897; x_wconf 77' lang='lat' dir='ltr'><strong>Pergamenae</strong></span> <span class='ocrx_word' id='word_1_115' title='bbox 976 1831 1138 1883; x_wconf 75' lang='lat' dir='ltr'><strong>vocantur.</strong></span> <span class='ocrx_word' id='word_1_116' title='bbox 1192 1821 1308 1884; x_wconf 83' lang='lat' dir='ltr'><strong>Athen.</strong></span> <span class='ocrx_word' id='word_1_117' title='bbox 1330 1822 1420 1884; x_wconf 88' lang='lat' dir='ltr'><strong>VIII.</strong></span> 
     </span>
     <span class='ocr_line' id='line_1_16' title="bbox 270 1913 1419 2014; baseline 0.003 -30"><span class='ocrx_word' id='word_1_118' title='bbox 270 1943 303 2002; x_wconf 87' lang='lat' dir='ltr'><strong>p.</strong></span> <span class='ocrx_word' id='word_1_119' title='bbox 321 1923 385 1984; x_wconf 83' lang='grc'><strong>336</strong></span> <span class='ocrx_word' id='word_1_120' title='bbox 406 1919 449 1981; x_wconf 76' lang='lat' dir='ltr'><strong>Er</strong></span> <span class='ocrx_word' id='word_1_121' title='bbox 484 1913 563 1986; x_wconf 78' lang='lat' dir='ltr'><strong>odes</strong></span> <span class='ocrx_word' id='word_1_122' title='bbox 591 1914 657 2003; x_wconf 75' lang='lat' dir='ltr'><strong>rein</strong></span> <span class='ocrx_word' id='word_1_123' title='bbox 684 1919 927 2006; x_wconf 72' lang='grc' dir='ltr'><strong><em>Καλλίμαχος,</em></strong></span> <span class='ocrx_word' id='word_1_124' title='bbox 958 1916 1040 1988; x_wconf 78' lang='lat' dir='ltr'><strong>orias</strong></span> <span class='ocrx_word' id='word_1_125' title='bbox 1060 1913 1310 2004; x_wconf 70' lang='grc' dir='ltr'><strong>Ἀριστοφάνης</strong></span> <span class='ocrx_word' id='word_1_126' title='bbox 1331 1916 1419 2014; x_wconf 71' lang='grc' dir='ltr'><strong>αὐτὸ</strong></span> 
     </span>
     <span class='ocr_line' id='line_1_17' title="bbox 271 2012 1419 2108; baseline 0.001 -20"><span class='ocrx_word' id='word_1_127' title='bbox 271 2023 491 2105; x_wconf 74' lang='grc' dir='ltr'><strong><em>ἀνέγραψαν,</em></strong></span> <span class='ocrx_word' id='word_1_128' title='bbox 519 2012 590 2087; x_wconf 73' lang='grc' dir='ltr'><strong><em>ἀλλ’</em></strong></span> <span class='ocrx_word' id='word_1_129' title='bbox 605 2013 682 2086; x_wconf 76' lang='grc' dir='ltr'><strong>οὐδ’</strong></span> <span class='ocrx_word' id='word_1_130' title='bbox 698 2025 731 2086; x_wconf 85' lang='lat' dir='ltr'><strong>el</strong></span> <span class='ocrx_word' id='word_1_131' title='bbox 755 2014 820 2094; x_wconf 78' lang='lat' dir='ltr'><strong>esic</strong></span> <span class='ocrx_word' id='word_1_132' title='bbox 841 2025 877 2087; x_wconf 76' lang='grc' dir='ltr'><strong>ἐν</strong></span> <span class='ocrx_word' id='word_1_133' title='bbox 900 2018 1070 2108; x_wconf 72' lang='grc' dir='ltr'><em>Περγάμῳ</em></span> <span class='ocrx_word' id='word_1_134' title='bbox 1090 2014 1289 2105; x_wconf 71' lang='grc' dir='ltr'><strong><em>ἀναγραφὰς</em></strong></span> <span class='ocrx_word' id='word_1_135' title='bbox 1314 2046 1419 2106; x_wconf 79' lang='grc' dir='ltr'><strong><em>παιη-</em></strong></span> 
     </span>
     <span class='ocr_line' id='line_1_18' title="bbox 271 2116 1419 2209; baseline -0.003 -21"><span class='ocrx_word' id='word_1_136' title='bbox 271 2116 426 2204; x_wconf 72' lang='lat' dir='ltr'><strong>educent.</strong></span> <span class='ocrx_word' id='word_1_137' title='bbox 470 2120 624 2187; x_wconf 80' lang='lat' dir='ltr'><strong>Similiter</strong></span> <span class='ocrx_word' id='word_1_138' title='bbox 645 2121 817 2203; x_wconf 85' lang='lat' dir='ltr'><strong>Dionysius</strong></span> <span class='ocrx_word' id='word_1_139' title='bbox 831 2123 967 2188; x_wconf 85' lang='lat' dir='ltr'><strong>Halicar.</strong></span> <span class='ocrx_word' id='word_1_140' title='bbox 981 2124 1132 2186; x_wconf 86' lang='lat' dir='ltr'><strong>Dinarch.</strong></span> <span class='ocrx_word' id='word_1_141' title='bbox 1149 2121 1220 2186; x_wconf 81' lang='lat' dir='ltr'><strong>Iud.</strong></span> <span class='ocrx_word' id='word_1_142' title='bbox 1241 2122 1265 2202; x_wconf 72' lang='lat' dir='ltr'><strong>I.</strong></span> <span class='ocrx_word' id='word_1_143' title='bbox 1284 2129 1320 2185; x_wconf 90' lang='lat' dir='ltr'><strong>l:</strong></span> <span class='ocrx_word' id='word_1_144' title='bbox 1341 2120 1419 2209; x_wconf 72' lang='grc' dir='ltr'><strong>ἅμα</strong></span> 
     </span>
     <span class='ocr_line' id='line_1_19' title="bbox 272 2216 1419 2314; baseline 0.003 -25"><span class='ocrx_word' id='word_1_145' title='bbox 272 2223 313 2290; x_wconf 81' lang='lat' dir='ltr'><strong>ds&#39;</strong></span> <span class='ocrx_word' id='word_1_146' title='bbox 330 2217 416 2308; x_wconf 78' lang='grc' dir='ltr'><strong><em>ὁρῶν</em></strong></span> <span class='ocrx_word' id='word_1_147' title='bbox 438 2217 540 2294; x_wconf 71' lang='grc' dir='ltr'><strong><em>οὐδὲν</em></strong></span> <span class='ocrx_word' id='word_1_148' title='bbox 562 2216 702 2308; x_wconf 72' lang='grc' dir='ltr'><strong>ἀκριβὲς</strong></span> <span class='ocrx_word' id='word_1_149' title='bbox 723 2223 805 2294; x_wconf 82' lang='lat' dir='ltr'><strong>oti-ee</strong></span> <span class='ocrx_word' id='word_1_150' title='bbox 825 2224 1064 2314; x_wconf 77' lang='grc' dir='ltr'><strong><em>Καλλίμαχον,</em></strong></span> <span class='ocrx_word' id='word_1_151' title='bbox 1085 2221 1165 2292; x_wconf 78' lang='lat' dir='ltr'><strong>adse</strong></span> <span class='ocrx_word' id='word_1_152' title='bbox 1183 2219 1261 2300; x_wconf 76' lang='lat' dir='ltr'><strong>eoric</strong></span> <span class='ocrx_word' id='word_1_153' title='bbox 1276 2231 1313 2294; x_wconf 76' lang='grc' dir='ltr'><strong>ἐν</strong></span> <span class='ocrx_word' id='word_1_154' title='bbox 1327 2227 1419 2312; x_wconf 72' lang='grc' dir='ltr'><em>Περ-</em></span> 
     </span>
     <span class='ocr_line' id='line_1_20' title="bbox 270 2319 1420 2415; baseline -0.001 -21"><span class='ocrx_word' id='word_1_155' title='bbox 270 2320 386 2413; x_wconf 75' lang='grc' dir='ltr'>γάμου</span> <span class='ocrx_word' id='word_1_156' title='bbox 415 2319 678 2410; x_wconf 74' lang='grc' dir='ltr'><strong><em>γραμματιααῦς</em></strong></span> <span class='ocrx_word' id='word_1_157' title='bbox 708 2327 786 2412; x_wconf 76' lang='grc' dir='ltr'><strong>περὶ</strong></span> <span class='ocrx_word' id='word_1_158' title='bbox 814 2322 930 2402; x_wconf 75' lang='grc' dir='ltr'><strong><em>,αὐτοῦ</em></strong></span> <span class='ocrx_word' id='word_1_159' title='bbox 964 2322 1175 2415; x_wconf 74' lang='grc' dir='ltr'><strong>(Δεινάρχου)</strong></span> <span class='ocrx_word' id='word_1_160' title='bbox 1205 2327 1420 2415; x_wconf 72' lang='grc' dir='ltr'><strong><em>γράψαντας.</em></strong></span> 
     </span>
     <span class='ocr_line' id='line_1_21' title="bbox 273 2429 1422 2515; baseline -0.003 -19"><span class='ocrx_word' id='word_1_161' title='bbox 273 2432 314 2496; x_wconf 86' lang='lat' dir='ltr'><strong>tlt</strong></span> <span class='ocrx_word' id='word_1_162' title='bbox 335 2431 433 2510; x_wconf 73' lang='lat' dir='ltr'><strong>igitur</strong></span> <span class='ocrx_word' id='word_1_163' title='bbox 453 2448 531 2513; x_wconf 86' lang='lat' dir='ltr'><strong>opus</strong></span> <span class='ocrx_word' id='word_1_164' title='bbox 553 2429 754 2499; x_wconf 81' lang='lat' dir='ltr'><strong>coniecerunt</strong></span> <span class='ocrx_word' id='word_1_165' title='bbox 776 2429 806 2492; x_wconf 87' lang='lat' dir='ltr'><strong>ei</strong></span> <span class='ocrx_word' id='word_1_166' title='bbox 827 2431 1035 2511; x_wconf 87' lang='lat' dir='ltr'><strong>simillimum,</strong></span> <span class='ocrx_word' id='word_1_167' title='bbox 1064 2431 1149 2515; x_wconf 90' lang='lat' dir='ltr'><strong>quod</strong></span> <span class='ocrx_word' id='word_1_168' title='bbox 1172 2433 1206 2499; x_wconf 89' lang='lat' dir='ltr'><strong>in</strong></span> <span class='ocrx_word' id='word_1_169' title='bbox 1226 2433 1326 2496; x_wconf 88' lang='lat' dir='ltr'><strong>altera</strong></span> <span class='ocrx_word' id='word_1_170' title='bbox 1346 2431 1422 2493; x_wconf 80' lang='lat' dir='ltr'><strong>ltin·</strong></span> 
     </span>
     <span class='ocr_line' id='line_1_22' title="bbox 272 2529 1421 2619; baseline 0.001 -22"><span class='ocrx_word' id='word_1_171' title='bbox 272 2556 377 2600; x_wconf 83' lang='lat' dir='ltr'><strong>aarum</strong></span> <span class='ocrx_word' id='word_1_172' title='bbox 406 2533 487 2597; x_wconf 84' lang='lat' dir='ltr'><strong>sede</strong></span> <span class='ocrx_word' id='word_1_173' title='bbox 508 2556 528 2596; x_wconf 91' lang='lat' dir='ltr'><strong>a</strong></span> <span class='ocrx_word' id='word_1_174' title='bbox 554 2529 676 2596; x_wconf 88' lang='lat' dir='ltr'><strong>duobus</strong></span> <span class='ocrx_word' id='word_1_175' title='bbox 705 2536 930 2616; x_wconf 80' lang='lat' dir='ltr'><strong>grammaticis,</strong></span> <span class='ocrx_word' id='word_1_176' title='bbox 962 2535 1152 2600; x_wconf 87' lang='lat' dir='ltr'><strong>Callimacho</strong></span> <span class='ocrx_word' id='word_1_177' title='bbox 1177 2548 1274 2619; x_wconf 86' lang='lat' dir='ltr'><strong>atque</strong></span> <span class='ocrx_word' id='word_1_178' title='bbox 1295 2535 1421 2598; x_wconf 83' lang='lat' dir='ltr'><strong>Aristo·</strong></span> 
     </span>
     <span class='ocr_line' id='line_1_23' title="bbox 273 2634 1422 2722; baseline 0 -22"><span class='ocrx_word' id='word_1_179' title='bbox 273 2640 396 2718; x_wconf 84' lang='lat' dir='ltr'><strong>phane,</strong></span> <span class='ocrx_word' id='word_1_180' title='bbox 426 2634 587 2704; x_wconf 89' lang='lat' dir='ltr'><strong>conditum</strong></span> <span class='ocrx_word' id='word_1_181' title='bbox 609 2649 666 2700; x_wconf 86' lang='lat' dir='ltr'><strong>eet.</strong></span> <span class='ocrx_word' id='word_1_182' title='bbox 714 2639 796 2702; x_wconf 88' lang='lat' dir='ltr'><strong>Nam</strong></span> <span class='ocrx_word' id='word_1_183' title='bbox 824 2661 894 2704; x_wconf 90' lang='lat' dir='ltr'><strong>cnm</strong></span> <span class='ocrx_word' id='word_1_184' title='bbox 923 2659 1020 2722; x_wconf 84' lang='lat' dir='ltr'><strong>opera</strong></span> <span class='ocrx_word' id='word_1_185' title='bbox 1044 2641 1130 2703; x_wconf 89' lang='lat' dir='ltr'><strong>inter</strong></span> <span class='ocrx_word' id='word_1_186' title='bbox 1151 2659 1184 2700; x_wconf 90' lang='lat' dir='ltr'><strong>ee</strong></span> <span class='ocrx_word' id='word_1_187' title='bbox 1204 2639 1275 2720; x_wconf 83' lang='lat' dir='ltr'><strong>ipsa</strong></span> <span class='ocrx_word' id='word_1_188' title='bbox 1295 2657 1422 2717; x_wconf 84' lang='lat' dir='ltr'><strong>compa·</strong></span> 
     </span>
     <span class='ocr_line' id='line_1_24' title="bbox 274 2740 1420 2825; baseline -0.003 -20"><span class='ocrx_word' id='word_1_189' title='bbox 274 2754 402 2822; x_wconf 87' lang='lat' dir='ltr'><strong>rentur,</strong></span> <span class='ocrx_word' id='word_1_190' title='bbox 430 2759 561 2824; x_wconf 83' lang='lat' dir='ltr'><strong>cumque</strong></span> <span class='ocrx_word' id='word_1_191' title='bbox 581 2753 800 2820; x_wconf 80' lang='lat' dir='ltr'><strong>argumentum</strong></span> <span class='ocrx_word' id='word_1_192' title='bbox 820 2744 922 2805; x_wconf 84' lang='lat' dir='ltr'><strong>exiis</strong></span> <span class='ocrx_word' id='word_1_193' title='bbox 945 2741 1094 2822; x_wconf 85' lang='lat' dir='ltr'><strong>ducatur,</strong></span> <span class='ocrx_word' id='word_1_194' title='bbox 1120 2761 1185 2825; x_wconf 91' lang='lat' dir='ltr'><strong>quo</strong></span> <span class='ocrx_word' id='word_1_195' title='bbox 1207 2741 1288 2804; x_wconf 85' lang='lat' dir='ltr'><strong>ellici</strong></span> <span class='ocrx_word' id='word_1_196' title='bbox 1309 2740 1420 2822; x_wconf 84' lang='lat' dir='ltr'><strong>possit,</strong></span> 
     </span>
     <span class='ocr_line' id='line_1_25' title="bbox 275 2842 1420 2923; baseline -0.003 -15"><span class='ocrx_word' id='word_1_197' title='bbox 275 2867 351 2908; x_wconf 91' lang='lat' dir='ltr'><strong>num</strong></span> <span class='ocrx_word' id='word_1_198' title='bbox 371 2842 644 2909; x_wconf 86' lang='lat' dir='ltr'><strong>Asotodidescalue</strong></span> <span class='ocrx_word' id='word_1_199' title='bbox 665 2845 808 2908; x_wconf 83' lang='lat' dir='ltr'><strong>Alexidis</strong></span> <span class='ocrx_word' id='word_1_200' title='bbox 828 2847 957 2923; x_wconf 88' lang='lat' dir='ltr'><strong>haberi,</strong></span> <span class='ocrx_word' id='word_1_201' title='bbox 988 2867 1026 2908; x_wconf 88' lang='lat' dir='ltr'><strong>en</strong></span> <span class='ocrx_word' id='word_1_202' title='bbox 1048 2846 1103 2908; x_wconf 85' lang='lat' dir='ltr'><strong>elii</strong></span> <span class='ocrx_word' id='word_1_203' title='bbox 1124 2844 1276 2911; x_wconf 86' lang='lat' dir='ltr'><strong>vindicari</strong></span> <span class='ocrx_word' id='word_1_204' title='bbox 1297 2843 1420 2922; x_wconf 82' lang='lat' dir='ltr'><strong>debeat,</strong></span> 
     </span>
     <span class='ocr_line' id='line_1_26' title="bbox 274 2947 1419 3033; baseline -0.003 -19"><span class='ocrx_word' id='word_1_205' title='bbox 274 2962 305 3014; x_wconf 88' lang='lat' dir='ltr'><strong>et</strong></span> <span class='ocrx_word' id='word_1_206' title='bbox 332 2949 388 3012; x_wconf 88' lang='lat' dir='ltr'><strong>ille</strong></span> <span class='ocrx_word' id='word_1_207' title='bbox 417 2950 608 3032; x_wconf 85' lang='lat' dir='ltr'><strong>comparatio</strong></span> <span class='ocrx_word' id='word_1_208' title='bbox 637 2959 670 3010; x_wconf 91' lang='lat' dir='ltr'><strong>et</strong></span> <span class='ocrx_word' id='word_1_209' title='bbox 696 2950 757 3033; x_wconf 88' lang='lat' dir='ltr'><strong>hoc</strong></span> <span class='ocrx_word' id='word_1_210' title='bbox 784 2947 992 3029; x_wconf 81' lang='lat' dir='ltr'><strong>plenitudinis</strong></span> <span class='ocrx_word' id='word_1_211' title='bbox 1019 2948 1169 3014; x_wconf 89' lang='lat' dir='ltr'><strong>iudicium</strong></span> <span class='ocrx_word' id='word_1_212' title='bbox 1187 2950 1247 3013; x_wconf 90' lang='lat' dir='ltr'><strong>hoe</strong></span> <span class='ocrx_word' id='word_1_213' title='bbox 1262 2967 1333 3010; x_wconf 66' lang='lat' dir='ltr'><strong>‘nnn</strong></span> <span class='ocrx_word' id='word_1_214' title='bbox 1354 2960 1419 3010; x_wconf 90' lang='lat' dir='ltr'><strong>tam</strong></span> 
     </span>
     <span class='ocr_line' id='line_1_27' title="bbox 274 3050 1421 3136; baseline -0.01 -18"><span class='ocrx_word' id='word_1_215' title='bbox 274 3053 412 3118; x_wconf 88' lang='lat' dir='ltr'><strong>delectus</strong></span> <span class='ocrx_word' id='word_1_216' title='bbox 435 3052 579 3132; x_wconf 88' lang='lat' dir='ltr'><strong>declaret,</strong></span> <span class='ocrx_word' id='word_1_217' title='bbox 600 3072 693 3136; x_wconf 60' lang='lat' dir='ltr'><strong>wem</strong></span> <span class='ocrx_word' id='word_1_218' title='bbox 715 3054 872 3132; x_wconf 78' lang='lat' dir='ltr'><strong>catalogos</strong></span> <span class='ocrx_word' id='word_1_219' title='bbox 888 3055 983 3116; x_wconf 87' lang='lat' dir='ltr'><strong>iuisee</strong></span> <span class='ocrx_word' id='word_1_220' title='bbox 1003 3055 1203 3133; x_wconf 80' lang='lat' dir='ltr'><strong>scriptorum.</strong></span> <span class='ocrx_word' id='word_1_221' title='bbox 1245 3050 1340 3110; x_wconf 86' lang='lat' dir='ltr'><strong>Errat</strong></span> <span class='ocrx_word' id='word_1_222' title='bbox 1360 3050 1421 3126; x_wconf 86' lang='lat' dir='ltr'><strong>igi·</strong></span> 
     </span>
     <span class='ocr_line' id='line_1_28' title="bbox 273 3148 1420 3239; baseline -0.006 -19"><span class='ocrx_word' id='word_1_223' title='bbox 273 3157 624 3236; x_wconf 81' lang='lat' dir='ltr'><strong>turBernhardiue,</strong></span> <span class='ocrx_word' id='word_1_224' title='bbox 656 3157 714 3239; x_wconf 91' lang='lat' dir='ltr'><strong>qui</strong></span> <span class='ocrx_word' id='word_1_225' title='bbox 732 3156 931 3234; x_wconf 81' lang='lat' dir='ltr'><strong>Pergamenis</strong></span> <span class='ocrx_word' id='word_1_226' title='bbox 958 3153 1105 3228; x_wconf 88' lang='lat' dir='ltr'><strong>eandem,</strong></span> <span class='ocrx_word' id='word_1_227' title='bbox 1139 3160 1193 3212; x_wconf 86' lang='lat' dir='ltr'><strong>aut</strong></span> <span class='ocrx_word' id='word_1_228' title='bbox 1214 3148 1348 3213; x_wconf 82' lang='lat' dir='ltr'><strong>sImiIem</strong></span> <span class='ocrx_word' id='word_1_229' title='bbox 1368 3150 1420 3213; x_wconf 90' lang='lat' dir='ltr'><strong>in·</strong></span> 
     </span>
     <span class='ocr_line' id='line_1_29' title="bbox 274 3250 1419 3338; baseline -0.007 -14"><span class='ocrx_word' id='word_1_230' title='bbox 274 3261 377 3326; x_wconf 85' lang='lat' dir='ltr'><strong>dolam</strong></span> <span class='ocrx_word' id='word_1_231' title='bbox 396 3263 518 3336; x_wconf 82' lang='lat' dir='ltr'><strong>tribuit,</strong></span> <span class='ocrx_word' id='word_1_232' title='bbox 538 3279 634 3338; x_wconf 89' lang='lat' dir='ltr'><strong>quam</strong></span> <span class='ocrx_word' id='word_1_233' title='bbox 648 3256 880 3317; x_wconf 84' lang='lat' dir='ltr'><strong>Alexandrinus</strong></span> <span class='ocrx_word' id='word_1_234' title='bbox 899 3272 998 3314; x_wconf 84' lang='lat' dir='ltr'><strong>canon</strong></span> <span class='ocrx_word' id='word_1_235' title='bbox 1018 3251 1175 3316; x_wconf 88' lang='lat' dir='ltr'><strong>habuerit.</strong></span> <span class='ocrx_word' id='word_1_236' title='bbox 1216 3250 1347 3333; x_wconf 78' lang='lat' dir='ltr'><strong>syntax.</strong></span> <span class='ocrx_word' id='word_1_237' title='bbox 1362 3252 1419 3316; x_wconf 77' lang='lat' dir='ltr'><strong>Gr.</strong></span> 
     </span>
     <span class='ocr_line' id='line_1_30' title="bbox 273 3354 1419 3445; baseline -0.013 -24"><span class='ocrx_word' id='word_1_238' title='bbox 273 3388 307 3445; x_wconf 84' lang='lat' dir='ltr'><strong>p.</strong></span> <span class='ocrx_word' id='word_1_239' title='bbox 326 3368 379 3426; x_wconf 80' lang='lat'><strong>31.</strong></span> <span class='ocrx_word' id='word_1_240' title='bbox 422 3362 609 3441; x_wconf 85' lang='lat' dir='ltr'><strong>Quanquam</strong></span> <span class='ocrx_word' id='word_1_241' title='bbox 630 3355 838 3436; x_wconf 75' lang='lat' dir='ltr'><strong>grammatici,</strong></span> <span class='ocrx_word' id='word_1_242' title='bbox 866 3375 936 3427; x_wconf 81' lang='lat' dir='ltr'><strong>eum</strong></span> <span class='ocrx_word' id='word_1_243' title='bbox 957 3375 1065 3419; x_wconf 89' lang='lat' dir='ltr'><strong>omnes</strong></span> <span class='ocrx_word' id='word_1_244' title='bbox 1086 3354 1322 3424; x_wconf 77' lang='lat' dir='ltr'><strong>dinumerarent</strong></span> <span class='ocrx_word' id='word_1_245' title='bbox 1342 3359 1419 3420; x_wconf 86' lang='lat' dir='ltr'><strong>seri.</strong></span> 
     </span>
     <span class='ocr_line' id='line_1_31' title="bbox 272 3459 1417 3548; baseline -0.003 -22"><span class='ocrx_word' id='word_1_246' title='bbox 272 3477 398 3548; x_wconf 87' lang='lat' dir='ltr'><strong>ptores,</strong></span> <span class='ocrx_word' id='word_1_247' title='bbox 429 3481 565 3546; x_wconf 88' lang='lat' dir='ltr'><strong>quonum</strong></span> <span class='ocrx_word' id='word_1_248' title='bbox 596 3481 693 3543; x_wconf 85' lang='lat' dir='ltr'><strong>opera</strong></span> <span class='ocrx_word' id='word_1_249' title='bbox 712 3460 747 3522; x_wconf 85' lang='lat' dir='ltr'><strong>in</strong></span> <span class='ocrx_word' id='word_1_250' title='bbox 769 3459 967 3526; x_wconf 76' lang='lat' dir='ltr'><strong>bibliothecis</strong></span> <span class='ocrx_word' id='word_1_251' title='bbox 987 3459 1191 3538; x_wconf 71' lang='lat' dir='ltr'><strong>inuenerant,</strong></span> <span class='ocrx_word' id='word_1_252' title='bbox 1222 3479 1288 3522; x_wconf 92' lang='lat' dir='ltr'><strong>non</strong></span> <span class='ocrx_word' id='word_1_253' title='bbox 1309 3460 1417 3528; x_wconf 63' lang='lat' dir='ltr'><strong>,solum</strong></span> 
     </span>
    </p>
   </div>
   <div class='ocr_carea' id='block_1_3' title="bbox 168 3561 1417 3650">
    <p class='ocr_par' dir='ltr' id='par_1_3' title="bbox 168 3561 1417 3650">
     <span class='ocr_line' id='line_1_32' title="bbox 168 3561 1417 3650; baseline -0.002 -20"><span class='ocrx_word' id='word_1_254' title='bbox 168 3587 180 3600; x_wconf 94' lang='lat'><strong>·</strong></span> <span class='ocrx_word' id='word_1_255' title='bbox 273 3587 385 3648; x_wconf 79' lang='lat' dir='ltr'><strong>genere</strong></span> <span class='ocrx_word' id='word_1_256' title='bbox 406 3564 579 3650; x_wconf 81' lang='lat' dir='ltr'><strong>ordineque</strong></span> <span class='ocrx_word' id='word_1_257' title='bbox 601 3565 784 3644; x_wconf 75' lang='lat' dir='ltr'><strong>literarum,</strong></span> <span class='ocrx_word' id='word_1_258' title='bbox 810 3587 829 3630; x_wconf 88' lang='lat' dir='ltr'><strong>a</strong></span> <span class='ocrx_word' id='word_1_259' title='bbox 852 3563 966 3646; x_wconf 89' lang='lat' dir='ltr'><strong>quihus</strong></span> <span class='ocrx_word' id='word_1_260' title='bbox 987 3563 1113 3627; x_wconf 85' lang='lat' dir='ltr'><strong>nomiae</strong></span> <span class='ocrx_word' id='word_1_261' title='bbox 1133 3563 1340 3644; x_wconf 86' lang='lat' dir='ltr'><strong>incipiebant,</strong></span> <span class='ocrx_word' id='word_1_262' title='bbox 1362 3561 1417 3628; x_wconf 84' lang='lat' dir='ltr'><strong>esd</strong></span> 
     </span>
    </p>
   </div>
   <div class='ocr_carea' id='block_1_4' title="bbox 273 3665 1419 4476">
    <p class='ocr_par' dir='ltr' id='par_1_4' title="bbox 273 3665 1419 4476">
     <span class='ocr_line' id='line_1_33' title="bbox 273 3665 1418 3754; baseline -0.005 -20"><span class='ocrx_word' id='word_1_263' title='bbox 273 3672 368 3734; x_wconf 88' lang='lat' dir='ltr'><strong>etiam</strong></span> <span class='ocrx_word' id='word_1_264' title='bbox 389 3671 553 3734; x_wconf 84' lang='lat' dir='ltr'><strong>momentis</strong></span> <span class='ocrx_word' id='word_1_265' title='bbox 581 3669 770 3754; x_wconf 85' lang='lat' dir='ltr'><strong>quibusdam</strong></span> <span class='ocrx_word' id='word_1_266' title='bbox 797 3681 828 3732; x_wconf 88' lang='lat' dir='ltr'><strong>et</strong></span> <span class='ocrx_word' id='word_1_267' title='bbox 848 3665 965 3745; x_wconf 81' lang='lat' dir='ltr'><strong>judicio</strong></span> <span class='ocrx_word' id='word_1_268' title='bbox 991 3688 1045 3730; x_wconf 90' lang='lat' dir='ltr'><strong>eos</strong></span> <span class='ocrx_word' id='word_1_269' title='bbox 1066 3667 1233 3750; x_wconf 87' lang='lat' dir='ltr'><strong>disponere</strong></span> <span class='ocrx_word' id='word_1_270' title='bbox 1260 3678 1418 3748; x_wconf 77' lang='lat' dir='ltr'><strong>poterant.</strong></span> 
     </span>
     <span class='ocr_line' id='line_1_34' title="bbox 275 3770 1418 3856; baseline -0.002 -20"><span class='ocrx_word' id='word_1_271' title='bbox 275 3773 366 3851; x_wconf 85' lang='lat' dir='ltr'><strong>Quod</strong></span> <span class='ocrx_word' id='word_1_272' title='bbox 390 3773 417 3836; x_wconf 88' lang='lat' dir='ltr'><strong>si</strong></span> <span class='ocrx_word' id='word_1_273' title='bbox 436 3774 597 3854; x_wconf 83' lang='lat' dir='ltr'><strong>iecerunt,</strong></span> <span class='ocrx_word' id='word_1_274' title='bbox 625 3775 837 3856; x_wconf 82' lang='lat' dir='ltr'><strong>principibus,</strong></span> <span class='ocrx_word' id='word_1_275' title='bbox 866 3791 1001 3856; x_wconf 89' lang='lat' dir='ltr'><strong>quorum</strong></span> <span class='ocrx_word' id='word_1_276' title='bbox 1024 3770 1124 3836; x_wconf 83' lang='lat' dir='ltr'><strong>virtus</strong></span> <span class='ocrx_word' id='word_1_277' title='bbox 1146 3771 1203 3834; x_wconf 80' lang='lat' dir='ltr'><strong>vix</strong></span> <span class='ocrx_word' id='word_1_278' title='bbox 1224 3790 1362 3854; x_wconf 88' lang='lat' dir='ltr'><strong>unquam</strong></span> <span class='ocrx_word' id='word_1_279' title='bbox 1383 3771 1418 3834; x_wconf 87' lang='lat' dir='ltr'><strong>in</strong></span> 
     </span>
     <span class='ocr_line' id='line_1_35' title="bbox 275 3873 1417 3956; baseline -0.003 -18"><span class='ocrx_word' id='word_1_280' title='bbox 275 3875 405 3938; x_wconf 85' lang='lat' dir='ltr'><strong>dubium</strong></span> <span class='ocrx_word' id='word_1_281' title='bbox 425 3888 535 3940; x_wconf 78' lang='lat' dir='ltr'><strong>vocata</strong></span> <span class='ocrx_word' id='word_1_282' title='bbox 557 3889 621 3956; x_wconf 90' lang='lat' dir='ltr'><strong>cst,</strong></span> <span class='ocrx_word' id='word_1_283' title='bbox 649 3877 848 3941; x_wconf 84' lang='lat' dir='ltr'><strong>hauddubie</strong></span> <span class='ocrx_word' id='word_1_284' title='bbox 870 3875 949 3938; x_wconf 88' lang='lat' dir='ltr'><strong>alios</strong></span> <span class='ocrx_word' id='word_1_285' title='bbox 968 3873 1195 3953; x_wconf 84' lang='lat' dir='ltr'><strong>adjunxerunt,</strong></span> <span class='ocrx_word' id='word_1_286' title='bbox 1218 3893 1316 3956; x_wconf 87' lang='lat' dir='ltr'><strong>quam</strong></span> <span class='ocrx_word' id='word_1_287' title='bbox 1337 3892 1417 3956; x_wconf 91' lang='lat' dir='ltr'><strong>quos</strong></span> 
     </span>
     <span class='ocr_line' id='line_1_36' title="bbox 276 3976 1418 4062; baseline -0.004 -20"><span class='ocrx_word' id='word_1_288' title='bbox 276 3979 481 4044; x_wconf 84' lang='lat' dir='ltr'><strong>Alexandrini</strong></span> <span class='ocrx_word' id='word_1_289' title='bbox 507 3993 700 4062; x_wconf 85' lang='lat' dir='ltr'><strong>receperant.</strong></span> <span class='ocrx_word' id='word_1_290' title='bbox 750 3980 796 4044; x_wconf 89' lang='lat' dir='ltr'><strong>Ut</strong></span> <span class='ocrx_word' id='word_1_291' title='bbox 816 3979 1011 4058; x_wconf 81' lang='lat' dir='ltr'><strong>Agathonem</strong></span> <span class='ocrx_word' id='word_1_292' title='bbox 1033 3977 1164 4042; x_wconf 84' lang='lat' dir='ltr'><strong>fortasse</strong></span> <span class='ocrx_word' id='word_1_293' title='bbox 1185 3978 1324 4059; x_wconf 85' lang='lat' dir='ltr'><strong>itemque</strong></span> <span class='ocrx_word' id='word_1_294' title='bbox 1345 3976 1418 4039; x_wconf 89' lang='lat' dir='ltr'><strong>Ari·</strong></span> 
     </span>
     <span class='ocr_line' id='line_1_37' title="bbox 276 4079 1416 4162; baseline -0.003 -19"><span class='ocrx_word' id='word_1_295' title='bbox 276 4085 431 4146; x_wconf 88' lang='lat' dir='ltr'><strong>etarehum</strong></span> <span class='ocrx_word' id='word_1_296' title='bbox 454 4105 523 4147; x_wconf 87' lang='lat' dir='ltr'><strong>cum</strong></span> <span class='ocrx_word' id='word_1_297' title='bbox 543 4085 583 4147; x_wconf 87' lang='lat' dir='ltr'><strong>iis</strong></span> <span class='ocrx_word' id='word_1_298' title='bbox 604 4085 719 4150; x_wconf 85' lang='lat' dir='ltr'><strong>arctius</strong></span> <span class='ocrx_word' id='word_1_299' title='bbox 741 4086 980 4161; x_wconf 82' lang='lat' dir='ltr'><strong>conjunxerunt.</strong></span> <span class='ocrx_word' id='word_1_300' title='bbox 1021 4083 1102 4146; x_wconf 87' lang='lat' dir='ltr'><strong>Nam</strong></span> <span class='ocrx_word' id='word_1_301' title='bbox 1125 4081 1159 4144; x_wconf 91' lang='lat' dir='ltr'><strong>hi</strong></span> <span class='ocrx_word' id='word_1_302' title='bbox 1181 4100 1244 4162; x_wconf 93' lang='lat' dir='ltr'><strong>quo</strong></span> <span class='ocrx_word' id='word_1_303' title='bbox 1266 4079 1364 4158; x_wconf 81' lang='lat' dir='ltr'><strong>magis</strong></span> <span class='ocrx_word' id='word_1_304' title='bbox 1383 4079 1416 4140; x_wconf 91' lang='lat' dir='ltr'><strong>in</strong></span> 
     </span>
     <span class='ocr_line' id='line_1_38' title="bbox 276 4182 1419 4270; baseline 0 -26"><span class='ocrx_word' id='word_1_305' title='bbox 276 4185 340 4246; x_wconf 85' lang='lat' dir='ltr'><strong>suis</strong></span> <span class='ocrx_word' id='word_1_306' title='bbox 362 4187 501 4268; x_wconf 90' lang='lat' dir='ltr'><strong>ipsorum</strong></span> <span class='ocrx_word' id='word_1_307' title='bbox 523 4186 660 4252; x_wconf 77' lang='lat' dir='ltr'><strong>inuentis</strong></span> <span class='ocrx_word' id='word_1_308' title='bbox 689 4193 807 4269; x_wconf 78' lang='lat' dir='ltr'><strong>suaque</strong></span> <span class='ocrx_word' id='word_1_309' title='bbox 830 4184 973 4251; x_wconf 84' lang='lat' dir='ltr'><strong>doctrina</strong></span> <span class='ocrx_word' id='word_1_310' title='bbox 993 4186 1248 4270; x_wconf 75' lang='lat' dir='ltr'><strong>acquiescebant,</strong></span> <span class='ocrx_word' id='word_1_311' title='bbox 1275 4183 1308 4246; x_wconf 90' lang='lat' dir='ltr'><strong>id</strong></span> <span class='ocrx_word' id='word_1_312' title='bbox 1333 4182 1419 4265; x_wconf 91' lang='lat' dir='ltr'><strong>quod</strong></span> 
     </span>
     <span class='ocr_line' id='line_1_39' title="bbox 277 4286 1419 4374; baseline 0.002 -28"><span class='ocrx_word' id='word_1_313' title='bbox 277 4286 516 4374; x_wconf 86' lang='lat' dir='ltr'><strong>uniuscujusque</strong></span> <span class='ocrx_word' id='word_1_314' title='bbox 547 4305 647 4356; x_wconf 89' lang='lat' dir='ltr'><strong>sectae</strong></span> <span class='ocrx_word' id='word_1_315' title='bbox 674 4291 840 4374; x_wconf 84' lang='lat' dir='ltr'><strong>proprium</strong></span> <span class='ocrx_word' id='word_1_316' title='bbox 870 4301 935 4369; x_wconf 83' lang='lat' dir='ltr'><strong>est,</strong></span> <span class='ocrx_word' id='word_1_317' title='bbox 966 4309 1004 4352; x_wconf 92' lang='lat' dir='ltr'><strong>eo</strong></span> <span class='ocrx_word' id='word_1_318' title='bbox 1033 4287 1225 4352; x_wconf 86' lang='lat' dir='ltr'><strong>constantius</strong></span> <span class='ocrx_word' id='word_1_319' title='bbox 1255 4287 1419 4369; x_wconf 88' lang='lat' dir='ltr'><strong>acriusque</strong></span> 
     </span>
     <span class='ocr_line' id='line_1_40' title="bbox 278 4390 1419 4476; baseline 0.004 -29"><span class='ocrx_word' id='word_1_320' title='bbox 278 4408 367 4448; x_wconf 87' lang='lat' dir='ltr'><strong>suum</strong></span> <span class='ocrx_word' id='word_1_321' title='bbox 388 4392 536 4467; x_wconf 87' lang='lat' dir='ltr'><strong>judicium</strong></span> <span class='ocrx_word' id='word_1_322' title='bbox 558 4397 657 4460; x_wconf 88' lang='lat' dir='ltr'><strong>secuti</strong></span> <span class='ocrx_word' id='word_1_323' title='bbox 679 4392 908 4460; x_wconf 83' lang='lat' dir='ltr'><strong>Alexandrinos</strong></span> <span class='ocrx_word' id='word_1_324' title='bbox 924 4406 1007 4458; x_wconf 90' lang='lat' dir='ltr'><strong>certe</strong></span> <span class='ocrx_word' id='word_1_325' title='bbox 1023 4391 1132 4456; x_wconf 87' lang='lat' dir='ltr'><strong>audire</strong></span> <span class='ocrx_word' id='word_1_326' title='bbox 1148 4393 1329 4469; x_wconf 89' lang='lat' dir='ltr'><strong>noluerunt,</strong></span> <span class='ocrx_word' id='word_1_327' title='bbox 1349 4390 1419 4476; x_wconf 83' lang='lat' dir='ltr'><strong>qni·</strong></span> 
     </span>
    </p>
   </div>
   <div class='ocr_carea' id='block_1_5' title="bbox 0 0 1528 4982">
    <p class='ocr_par' dir='ltr' id='par_1_5' title="bbox 0 0 1528 4982">
     <span class='ocr_line' id='line_1_41' title="bbox 0 0 1528 4982; baseline 0 0"><span class='ocrx_word' id='word_1_328' title='bbox 0 0 1528 4982; x_wconf 95' lang='lat' dir='ltr'><strong> </strong></span> 
     </span>
    </p>
   </div>
  </div>
 </body>
</html>
