3076 4998
812 331 891 405 210

284 535 367 602 catat,
388 531 442 585 aut
462 517 640 584 detestabili
661 515 755 580 caede
776 537 842 582 esse
864 517 1006 583 violatas.
1048 515 1089 578 Et
1108 515 1333 599 Aristarchum,
1356 539 1424 582 cunr

282 627 447 689 Tantalum
469 623 599 699 faceret,
620 619 654 682 in
675 619 778 702 primo
801 618 859 682 illo
880 640 1011 700 genere,
1032 617 1119 702 quod
1139 618 1291 700 opprimis
1310 622 1426 700 sagaci·

283 743 380 793 tatem
402 727 555 803 declarat,
576 735 735 788 versatum
757 723 852 786 luisse
873 723 1068 803 conjicimus,
1097 743 1170 784 nam
1186 725 1303 786 ceteris
1324 725 1359 787 in
1380 727 1426 787 fa·

283 833 365 896 bulis
386 829 531 912 impietas
552 828 687 889 maxime
708 837 851 908 apparet.
893 823 1053 888 Nimirum
1072 825 1135 908 ipsi
1145 827 1278 890 Tantalo
1296 831 1426 912 ejusque

282 934 466 1018 prudentiae
486 931 655 1013 sophistice
675 940 843 1012 praecepta
864 928 1072 1005 conveniunt,
1103 949 1184 1011 quae
1211 928 1358 1012 quidem,
1390 940 1426 990 ut

282 1039 434 1104 Stobaeus
455 1035 478 1096 l.
495 1035 518 1095 l.
541 1033 659 1109 relert,
689 1031 888 1094 Aristarchus
915 1050 951 1092 ea
971 1030 1078 1092 fabula
1097 1043 1296 1112 exposuerat.
1340 1031 1426 1109 Quin

282 1162 322 1206 ne
342 1137 423 1202 illud
448 1133 592 1220 quidem,
614 1131 701 1216 quod
723 1134 912 1196 ambrosiam
934 1154 970 1194 ac
990 1145 1098 1196 nectar
1117 1134 1263 1210 abstulit,
1286 1155 1357 1197 cum
1377 1136 1427 1197 in-

282 1244 373 1326 genio
395 1239 532 1304 bomiuis
552 1236 710 1316 congruit,
743 1239 867 1320 qualem
887 1237 949 1296 hae
968 1236 1121 1318 reliquiae
1141 1234 1310 1328 declarant.
1355 1237 1427 1300 Ari·

281 1348 423 1410 starchus
445 1343 544 1424 igitur
563 1341 730 1402 Tantalum
752 1339 792 1401 ad
814 1337 1052 1401 similitudinem
1075 1339 1225 1420 sapientis
1251 1340 1315 1402 riri
1335 1339 1426 1402 elfin-

281 1462 391 1526 xerat,
421 1448 497 1531 qui,
527 1445 680 1526 evulgatis
703 1443 884 1507 coelestium
905 1441 1063 1524 mysteriis
1085 1442 1193 1504 -ita
1214 1443 1297 1506 enim
1317 1462 1426 1507 recon-

282 1554 348 1619 dita
364 1550 507 1615 doctrina
527 1562 658 1614 vocatur
678 1581 719 1596 -
740 1546 892 1612 invidiam
913 1546 1044 1609 deorum
1066 1567 1102 1608 ac
1122 1547 1320 1627 gravissimas
1340 1546 1425 1630 apud

281 1657 400 1720 inieras
428 1673 546 1736 poenas
575 1651 635 1715 sibi
663 1651 824 1715 conscivit.
878 1648 949 1712 Tali
971 1648 1064 1711 modo
1086 1648 1297 1712 conditionem
1318 1651 1425 1732 sophi·

281 1773 401 1824 starum
431 1757 563 1818 fortasse
592 1743 768 1822 describere
797 1752 911 1818 voluit.
965 1753 1037 1814 Alia
1061 1751 1236 1832 fragmenta
1260 1752 1352 1830 hujus
1372 1775 1424 1834 ap.

281 1863 396 1926 Athen.
416 1858 502 1922 Xlll.
523 1879 555 1938 p.
569 1859 632 1919 ota
650 1855 685 1933 F,
715 1854 804 1919 Stob.
826 1877 878 1938 ap.
899 1856 1014 1922 Wecb.
1036 1858 1111 1934 184,
1137 1855 1242 1919 Sobel.
1264 1854 1306 1918 ad
1325 1855 1423 1938 Supb.

282 1961 362 2030 Oed.
385 1961 498 2025 Colon.
520 1961 604 2021 1316
629 1967 764 2020 exstant.

367 2065 402 2126 ln
415 2060 602 2141 Aesculapio
623 2071 655 2121 et
675 2059 809 2123 Tantalo
830 2058 895 2123 duo
916 2068 1099 2140 argumenta
1115 2057 1284 2140 tragoediis
1301 2059 1423 2141 primus

281 2164 535 2243 accommodavit,
559 2151 740 2246 quanquam
763 2165 935 2248 Aeschylus
957 2178 989 2228 et
1009 2165 1180 2246 Sophoclea
1201 2185 1319 2246 poenas
1344 2167 1424 2229 inle-

280 2289 388 2334 rorum
410 2279 482 2330 ante
504 2278 788 2347 repraesentarent.
842 2269 1015 2331 Probamus
1036 2268 1129 2346 item,
1162 2267 1247 2350 quod
1269 2268 1423 2330 Achillem

281 2371 427 2452 exemplo
455 2369 603 2450 Aeschyli
630 2367 715 2430 fecit.
764 2370 888 2452 Inque
912 2370 945 2432 id
966 2370 1106 2433 moribus
1126 2370 1304 2452 aequalium
1326 2369 1421 2448 dedit,

279 2489 317 2538 ut
336 2476 370 2536 in
389 2470 532 2552 personis
555 2471 687 2532 heroum
712 2469 918 2553 depingendis
942 2485 974 2534 et
994 2492 1116 2536 amores
1137 2489 1198 2553 pro
1217 2473 1346 2536 honoris
1367 2495 1420 2534 cu-

280 2575 389 2660 pidine
410 2575 567 2656 reciperet
593 2586 626 2637 et
652 2574 817 2636 mollitiem
839 2595 899 2656 pro
919 2575 1107 2638 fortitudine
1133 2595 1169 2637 ac
1194 2577 1308 2636 robore
1332 2597 1422 2638 exse-

280 2691 441 2764 queretur.
494 2676 599 2754 Quare
629 2679 755 2760 mythos
785 2679 878 2744 yalde
909 2681 1053 2745 mutavit.
1109 2679 1330 2744 Gravissimum
1358 2675 1419 2754 est,

280 2780 367 2866 quod
388 2780 499 2845 Suidas
520 2801 547 2844 s.
567 2801 600 2846 r.
615 2782 737 2849 relect:
764 2774 984 2871 Ἀρίσταρχος
1011 2830 1021 2851 .
1045 2829 1055 2850 .
1085 2779 1123 2856 ὃς
1151 2783 1280 2866 πρῶτος
1301 2783 1349 2852 alc
1375 2774 1420 2848 cti

263 2885 350 2953 aas
380 2878 493 2950 αὐτῶν
525 2883 633 2970 μῆκος
667 2879 710 2952 asi
743 2885 899 2969 δράματα
927 2887 1139 2970 κατέστησεν.
1190 2871 1268 2946 Non
1285 2883 1421 2944 ieramus

280 2983 408 3070 quidem
427 2985 719 3068 interpretationem
742 2987 926 3066 Fabricii,
960 2989 1004 3052 sic
1026 3009 1063 3050 ea
1089 2987 1261 3049 vertentia:
1295 2993 1421 3068 „pr-imur

278 3091 430 3168 tragoedus
449 3093 589 3152 camorata
609 3092 732 3154 mulcti
774 3087 837 3151 Sed
864 3109 944 3172 quae
973 3085 1138 3169 longitudo
1164 3088 1343 3150 fabularum
1372 3088 1421 3150 in·

278 3189 454 3272 telligitur?
497 3191 548 3254 De
560 3203 660 3254 aetate
675 3191 876 3271 grammatici,
893 3192 948 3274 qui
964 3194 1040 3254 haec
1056 3189 1208 3273 prodidit,
1229 3204 1312 3254 esset
1324 3211 1419 3273 quae·

277 3293 428 3374 rendum,
450 3294 599 3376 quoniam
620 3294 647 3356 is
668 3292 912 3374 longitudinem,
936 3316 1031 3376 quam
1053 3293 1194 3356 dramata
1214 3314 1288 3356 ettae
1309 3293 1419 3356 aetatis

278 3396 423 3472 habeant,
444 3392 484 3456 ad
504 3395 729 3474 Aristarchum,
751 3397 838 3461 velut
859 3407 1028 3475 auctorem,
1049 3395 1245 3460 referendam
1261 3417 1328 3460 esse
1346 3417 1419 3458 con·

279 3494 396 3559 tendat.
438 3496 482 3556 At
502 3494 536 3557 id
562 3497 729 3580 exquirere
750 3518 814 3561 non
835 3497 919 3560 licet.
961 3499 1042 3563 Sttnt
1063 3519 1140 3562 sero
1160 3499 1340 3578 tragoediae
1357 3504 1418 3565 Ae·

253 3642 256 3650 ι
278 3597 378 3678 schyli
403 3596 564 3661 breviores
589 3601 645 3681 iis,
677 3622 756 3684 quas
778 3601 948 3683 Sophocles
968 3614 1001 3664 ct
1021 3600 1190 3684 Euripides
1209 3603 1417 3684 reliquerunt.

277 3695 387 3780 ltaque
406 3697 464 3760 illo
484 3701 620 3781 ambitu,
646 3725 740 3786 quem
762 3703 902 3766 dramate
923 3711 1218 3785 acceperunt,'oum
1238 3704 1337 3766 forma
1357 3707 1418 3768 tri-

276 3800 430 3880 logiarum
451 3803 557 3866 talare
582 3805 739 3888 desiisset,
768 3807 943 3888 principem
971 3807 1189 3870 Aristarchum
1220 3828 1286 3869 esse
1315 3829 1416 3888 usum,

277 3899 390 3968 Suidas
411 3906 581 3970 contendit.
630 3907 782 3972 Miiller.
805 3908 887 3970 Hist.
907 3907 971 3969 Lit.
999 3907 1055 3972 Gr.
1077 3910 1116 3970 T.
1133 3910 1172 3970 ll.
1192 3931 1226 3990 p.
1246 3912 1319 3988 117,
1345 3914 1416 3989 181,

203 4019 208 4028 ’
277 4007 483 4074 Welclter.
504 4012 598 4090 Trag.
621 4011 676 4075 Gr.
697 4034 730 4095 p.
746 4017 820 4078 932.
863 4013 1015 4074 Personas
1036 4012 1194 4076 amoribus
1215 4010 1338 4084 deditae
1359 4013 1417 4076 lin·
1527 4050 1530 4069 ι

275 4107 342 4190 xit,
365 4123 399 4173 ut
420 4129 473 4190 ea,
497 4132 577 4194 quae
598 4112 738 4194 disputat
759 4135 809 4197 ap.
832 4113 1001 4176 Stobaeum
1022 4113 1123 4176 Serm.
1145 4118 1225 4177 184:

438 4208 593 4297 Ἔρωτος
613 4212 706 4292 ὅστις
725 4214 777 4304 μὴ
798 4217 1000 4304 πεπείραται
1021 4217 1176 4303 βροτῶν,

446 4308 507 4382 οὐκ
529 4312 591 4384 ott'
601 4309 750 4404 ἀνάγκης
769 4313 921 4403 θεσμόν·
942 4307 969 4406 pi
990 4319 1147 4393 πεισθεὶς
1166 4314 1245 4403 ἐγώ,

445 4416 536 4485 asico
556 4420 759 4505 κρατηθεὶς,
778 4412 871 4490 cciod'
883 4414 1079 4504 α’πεατόλρν
1100 4414 1209 4495 cidaris·

1525 4142 1530 4389 l
