3072 5012
271 322 319 396 92

269 503 452 586 Bodinsde
478 501 607 592 Orpheo
630 524 659 594 p.
682 503 730 586 iti.
754 475 799 566 7.'
832 499 920 568 idem
950 511 1045 592 atque
1070 501 1163 570 Bodi.
1178 501 1306 568 -Provu
1327 502 1419 568 voluit

267 611 402 680 Photius
424 634 453 701 p.
466 609 539 690 215,
561 606 612 674 23.
633 607 783 692 Λέσβιον
799 602 909 698 ᾠδόν·
932 606 992 674 τὸν
1015 603 1248 696 Φράνιχον,“οἶ
1270 607 1307 674 δέ
1327 605 1419 674 aar·

268 739 372 787 νετον.
418 718 583 808 Δαρειαῖον
611 713 845 788 Pananenaeu
875 715 1045 807 quideme
1072 711 1248 782 fidicinihus
1269 714 1418 803 Phrynnis

267 827 388 916 primns
413 825 523 890 uictor
551 822 757 904 renunciatus
789 831 868 904 est,
887 831 1040 913 tantaque
1073 820 1174 912 gioria
1203 819 1339 889 hominis
1361 820 1419 900 hait,

266 940 304 998 ut
324 929 522 1010 Timotheus
551 951 654 1021 quum
675 929 736 1018 ipsi
759 927 944 1019 Phrynnidc
966 929 1167 1020 superiorem
1189 927 1329 994 evadere
1349 947 1420 991 con·

266 1039 389 1128 tigisset
408 1035 494 1104 haud
516 1035 720 1103 mediocriter
742 1057 816 1103 sese
834 1039 980 1128 jactaret.
1024 1035 1108 1102 Plut.
1125 1035 1166 1100 de
1182 1033 1344 1106 laudesui
1356 1054 1383 1099 a
1396 1031 1418 1095 l.

266 1131 287 1234 ᾗ
309 1145 365 1208 καὶ
392 1137 565 1228 Τιμόθεον
585 1141 641 1208 ἐπὶ
665 1140 703 1230 τῇ
724 1137 811 1211 κατά
830 1137 1017 1230 Φράννιδος
1039 1137 1113 1231 νίκῃ
1135 1135 1326 1231 γράφοντα·
1349 1137 1420 1204 Μα-

267 1245 379 1338 κάριος
399 1236 512 1330 ἦσθα,
539 1245 689 1335 Τιμόθεε
712 1242 766 1316 ὅτε
788 1245 889 1336 κὴρνξ
908 1235 998 1314 εἶπε·
1021 1247 1112 1338 Νικᾷ
1133 1245 1304 1334 Τιμόθεος
1323 1243 1420 1311 ὁΜι-

265 1354 380 1438 diotae
402 1355 461 1422 τὸν
483 1351 669 1443 Κάρβωνος
690 1355 750 1420 τὸν
769 1351 1028 1440 Ἱωνοκάμπταν·
1060 1351 1192 1433 εἰκότως
1212 1349 1420 1440 δνοχεροένο-
1494 1373 1495 1376 ’

265 1487 337 1551 μιν.
388 1462 549 1531 Timothei
577 1463 675 1530 verba
702 1465 735 1530 in
767 1473 833 1530 tres
860 1485 974 1530 versus
1002 1463 1186 1554 dispescerc
1206 1461 1327 1551 Georg.
1350 1459 1419 1547 Βίρ-

264 1581 375 1663 partas
412 1567 608 1661 periclitatus
644 1579 708 1651 ost,
748 1570 802 1660 qui
833 1570 895 1660 ipsi
928 1579 1064 1638 constans
1101 1591 1259 1660 perquam
1291 1569 1419 1637 infauste

265 1679 376 1760 cessit3
398 1675 549 1745 nimirum
566 1673 628 1742 Th
638 1672 787 1766 *Berghio
809 1677 896 1743 viam
916 1699 983 1744 non
1006 1675 1259 1766 praemuniente.
1302 1675 1421 1742 Versus

264 1787 373 1877 posuit
393 1781 512 1852 hosce:

266 2343 346 2390 mur.
391 2321 487 2406 Quod
509 2345 587 2390 vero
610 2323 800 2418 plerumque
823 2326 943 2392 iactum
971 2324 1137 2406 videmus,
1166 2335 1202 2392 ut
1231 2325 1287 2414 qui
1308 2319 1418 2415 populo

262 2432 411 2520 impense
432 2426 597 2517 placerent
618 2432 747 2512 musici,
775 2431 797 2496 ii
820 2431 1016 2520 gravissimis
1047 2432 1247 2498 comicorum
1276 2429 1419 2497 conviciis

266 2543 498 2626 premerentur,
518 2534 606 2601 idem
627 2535 803 2626 Phrynnidi
825 2537 980 2604 accidisse
1004 2535 1113 2605 Schol.
1135 2537 1189 2602 Ar.
1211 2535 1299 2605 Nub.
1313 2537 1371 2602 971
1393 2541 1420 2598 et

267 2642 386 2710 Prouv.
408 2638 512 2706 Bodd.
532 2640 596 2706 596
616 2651 785 2708 testantur.
829 2643 956 2710 Tamen
978 2645 1122 2735 ipsorum
1145 2645 1353 2726 comicorum,
1374 2638 1421 2731 qui

267 2747 348 2814 hacc
369 2746 632 2836 comprobarent,
663 2748 726 2816 duo
748 2758 873 2818 tantum
894 2749 959 2818 loci
989 2760 1176 2841 supersunt,
1209 2746 1420 2841 Aristophanis
1494 2735 1495 2738 ¹

252 2853 378 2934 'Nubh
405 2855 474 2920 971.
502 2863 535 2922 et
565 2852 768 2926 Pherecratio
801 2877 852 2948 ap.
884 2855 1047 2925 Plutarch.
1082 2857 1122 2924 dc
1150 2855 1231 2924 Mus.
1260 2880 1289 2924 c.
1317 2851 1419 2924 XXX.

267 2961 384 3053 Neque
405 2959 738 3042 Lacedaemoniorum
768 2963 869 3046 idem,
902 2973 968 3030 tam
991 2964 1176 3045 candidum,
1212 2987 1310 3054 qnam
1331 2959 1420 3029 Athe-

268 3072 428 3138 niensium
445 3067 602 3161 judicium
625 3078 779 3160 expertus
802 3081 864 3152 est,
899 3073 1017 3162 quippe
1033 3072 1093 3138 'cui
1114 3069 1235 3162 Ephori
1258 3069 1338 3136 duas
1359 3065 1420 3133 illas

271 3172 353 3269 quac
375 3175 592 3266 septenarium
614 3197 785 3243 numerum
807 3189 1001 3268 superarent·
1019 3176 1169 3259 chordas,
1198 3174 1420 3254 abscinderent,

270 3284 333 3352 hac
348 3289 474 3374 tantum
488 3284 611 3350 naudus
629 3307 688 3374 pro
704 3282 831 3350 arbitrio
847 3283 984 3375 liberum
1005 3285 1231 3377 relinquentes,
1254 3297 1421 3373 superasnc

271 3413 313 3458 an
345 3388 468 3456 infimas
504 3388 644 3458 chordas
681 3388 780 3456 deleri
802 3389 925 3459 maliet.
983 3390 1067 3458 Plut.
1100 3410 1207 3482 quom.
1237 3413 1266 3478 q.
1297 3387 1420 3480 profect.

271 3498 342 3564 virt.
364 3503 446 3562 sent.
467 3497 573 3586 p289
593 3497 759 3585 Wyttenh.
808 3494 956 3584 Φράννιν
976 3501 1039 3584 μέν
1059 3498 1125 3584 γάρ
1144 3498 1185 3563 οἱ
1202 3493 1338 3584 Ἔφοροι
1360 3489 1421 3563 ταῖς

272 3601 353 3669 ἑπτά
372 3600 508 3689 χορδαῖς
531 3596 591 3666 δύο
613 3600 908 3692 παρεντεινάμενον
929 3601 1079 3692 ἠρώτων,
1104 3601 1243 3690 πότερον
1264 3603 1323 3680 τάς
1344 3597 1420 3666 dao-

271 3713 339 3779 θεν
359 3704 380 3791 ἢ
403 3707 461 3784 τὰς
483 3705 638 3774 κάτωθεν
658 3711 802 3796 ἐκτεμεῖν
828 3707 942 3790 αὐτοῖς
969 3712 1080 3776 ἐθέλει
1109 3718 1300 3800 παρασχεῖν.
1346 3703 1419 3776 Plut.

272 3821 332 3910 Ag.
349 3815 400 3910 ¹X,
422 3809 451 3882 42
483 3811 533 3880 Σύ
556 3809 589 3878 δ’
613 3812 772 3906 Ἐκπρέπη
788 3823 853 3904 μέν
875 3816 998 3908 ἔφησεν
1019 3820 1178 3898 ἐπαινεῖς,
1208 3813 1245 3894 ὃς
1267 3808 1421 3904 έρορεάων

276 3920 462 4011 ‘dodecades
483 3923 543 3991 τοῦ
563 3925 725 4008 μουσικοῦ
748 3921 919 4014 σκεπάρνῳ
941 3927 999 4004 τάς
1021 3922 1081 3990 dio
1104 3925 1170 3990 τῶν
1190 3925 1284 3990 ἐννέα
1303 3917 1421 4011 χορδῶν

272 4032 408 4116 ἐξέτεμε.
459 4027 582 4098 Eadem
607 4029 759 4122 leguntur
786 4031 870 4099 Plut.
900 4030 1020 4099 Lacon.
1049 4032 1209 4124 Apophth.
1231 4033 1323 4100 Tom.
1344 4025 1376 4108 ll,
1394 4047 1420 4112 p-

274 4137 336 4207 149
357 4137 411 4205 ubi
434 4135 527 4204 codd.
549 4160 608 4232 pro
631 4133 811 4228 Ἐκπρέπης
832 4135 951 4210 habent
974 4135 1159 4226 Ἐκπρέπης
1181 4137 1235 4207 vel
1252 4132 1421 4222 Ἐμηρέπης

272 4245 395 4338 Ephori
414 4266 542 4312 nomen.
628 4239 1112 4337 JamquidnovaritPhrynnis,
1134 4244 1373 4317 Schoemannus
1386 4233 1420 4303 ad
1494 4319 1495 4328 ρ

274 4352 358 4422 Plut.
381 4351 440 4440 ng.
463 4375 493 4440 p.
509 4351 571 4418 130
601 4353 657 4433 ait,
689 4354 722 4419 in
752 4362 899 4422 veterum
926 4355 1056 4422 testium
1084 4353 1234 4421 dissemu
1261 4375 1325 4421 non
1352 4342 1420 4416 satis
