3076 4998
820 363 897 438 242

224 601 226 607 -
281 555 424 637 Grupp.
446 552 577 618 Ariadn.
599 573 633 634 p.
654 555 717 615 743
739 563 797 616 otc.
841 549 904 616 Sed
926 548 1026 614 ceteri
1044 557 1157 632 potitae
1182 549 1320 628 eiusdem
1341 565 1430 618 aeta.

280 659 332 738 tis,
352 658 525 722 mediocres
549 668 644 740 atque
667 675 845 720 communes
866 656 1029 718 huminum
1051 657 1283 734 mores,‘=ut.ia
1304 661 1431 741 vulgari

279 761 347 824 vita
369 763 579 841 apparebant,
608 759 704 838 magis
732 759 890 842 magisque
913 770 1145 840 expresserunt.
1198 755 1290 833 Quod
1318 783 1430 842 pm.

279 876 348 925 tum
368 883 461 946 quam
483 863 545 924 late
567 863 648 926 circa
672 876 805 926 aetatem
827 861 945 925 Critiae
965 880 1080 922 censes
1107 857 1268 940 patuisse?
1309 865 1340 926 Δ
1360 887 1430 948 quo

282 966 333 1026 hic
354 986 465 1046 parum
486 963 548 1027 sibi
569 966 659 1047 cavit,
681 967 777 1050 quod,
803 967 835 1028 in
858 963 979 1026 actions
1000 981 1106 1024 rerum
1126 962 1273 1046 vitaeque
1296 984 1355 1028 usu
1377 990 1430 1030 re-

280 1068 459 1150 quiescens,
488 1068 632 1147 inanem,
663 1084 718 1134 aut
739 1091 879 1134 mancam
900 1066 997 1130 animi
1018 1068 1312 1149 contemplationem
1334 1071 1428 1152 sugit.

280 1171 379 1234 Adest
396 1183 500 1234 autem
518 1171 573 1233 illa
593 1171 737 1238 dictionis
758 1186 880 1251 natura,
903 1191 998 1254 quam
1013 1168 1130 1232 Critiae
1149 1171 1311 1252 propriam
1329 1174 1427 1238 luisse

226 1262 229 1270 ⁸
280 1297 321 1338 ex
351 1278 510 1356 elegorum
538 1275 720 1358 fragmentis
749 1276 960 1359 cognovimus.
1009 1275 1087 1336 ltern
1110 1275 1280 1336 nonnullae
1299 1287 1428 1340 senten·

281 1379 354 1456 tiae,
376 1399 434 1444 neo
454 1399 571 1460 paucae
592 1381 766 1444 locutiones
788 1380 1005 1456 inveniuntur,
1025 1399 1043 1438 c
1062 1377 1178 1460 qtaihus
1198 1389 1357 1440 oratorem
1379 1380 1427 1444 vi·

280 1501 415 1564 utrmque
436 1480 628 1562 reipublicae
651 1481 793 1545 deditum
815 1483 915 1563 possis
936 1500 1114 1560 agnoscere.
1157 1477 1228 1555 Quo
1249 1483 1374 1546 valent:
1403 1479 1426 1570 ἡ

281 1583 356 1668 δίκη
376 1582 560 1668 τύραννος,
580 1580 725 1659 irascor
745 1586 835 1670 βίος,
856 1582 970 1673 ἰσχύος
992 1575 1176 1666 ὑπηρέτης,
1196 1577 1302 1666 νόμοι
1324 1589 1425 1654 κολα·-

280 1688 358 1754 oaui
378 1688 504 1770 aliaque
525 1686 661 1764 ejusdem
684 1689 815 1769 generis.
860 1687 947 1766 Quae
964 1707 1034 1750 rum
1047 1688 1092 1748 ita
1103 1686 1178 1762 sint,
1199 1684 1344 1750 dubitare
1361 1710 1425 1754 non

280 1790 371 1869 licet,
401 1791 478 1873 quin
500 1789 615 1853 Critias
636 1794 796 1874 scripserit
820 1793 957 1854 fabulam
978 1790 1164 1872 Sisyphum,
1192 1809 1211 1850 a
1232 1788 1333 1854 Sexto
1352 1793 1426 1856 Eut·

279 1893 380 1974 pirico
402 1893 538 1958 citatam.
582 1894 750 1958 Difficilius
772 1907 819 1957 cst
839 1895 987 1972 iudicare,
1008 1915 1088 1976 quae
1101 1893 1293 1975 ingessum,
1318 1917 1425 1960 cume

280 1995 417 2080 Sisypho
439 1997 603 2078 desumpta
625 1997 787 2076 dicantur,
814 1999 996 2060 Valcken.
1021 1996 1121 2058 Diatr.
1143 2018 1176 2076 p.
1196 2001 1276 2075 209,
1304 1999 1338 2062 in
1361 2013 1425 2064 tra·

281 2099 422 2178 guadiam
449 2100 577 2184 tyranni
606 2120 749 2183 quaeque
773 2100 806 2160 in
834 2099 999 2182 satyricam
1021 2097 1182 2180 Euripidis
1211 2100 1347 2164 iahulsm
1371 2101 1425 2166 de·

279 2203 374 2264 beant
396 2201 570 2266 transferri.
612 2201 678 2265 Sed
697 2202 730 2264 id
750 2201 934 2282 omittimus,
955 2200 1042 2285 quod
1062 2201 1202 2266 indolem
1220 2201 1341 2268 Critiae
1360 2228 1424 2270 non

280 2301 447 2368 admodum
470 2305 647 2369 adumbrat.

366 2411 440 2472 Pari
460 2409 554 2473 modo
572 2411 629 2494 qui
644 2409 683 2474 dc
699 2409 834 2474 Pirithoi
854 2408 1008 2492 scriptore
1024 2405 1144 2492 aliquid
1163 2405 1333 2471 raemoriae
1347 2428 1424 2488 pro·

281 2510 447 2592 diderunt,
479 2514 511 2574 in
543 2533 655 2592 magna
685 2514 835 2577 varietate
865 2533 901 2574 ae
931 2512 1123 2574 dissensione
1152 2511 1312 2575 constituti
1337 2524 1421 2574 sunt.

238 2651 245 2676 .
280 2614 362 2677 Nam
384 2615 514 2695 plurimi
535 2635 603 2677 eam
625 2615 761 2678 fabulam
783 2612 944 2696 Euripidi,
965 2627 1020 2676 aut
1042 2614 1159 2678 Critiae
1182 2615 1342 2695 tribuunt3
1368 2617 1424 2678 alii

280 2719 387 2780 neutri
406 2735 516 2781 eorum
539 2717 715 2782 adscribere
740 2731 909 2796 conantur,
929 2731 1018 2797 suat,
1040 2718 1095 2800 qui
1118 2720 1255 2782 fabulam
1276 2719 1344 2782 sine
1367 2741 1424 2784 no·

281 2821 365 2882 mine
386 2820 514 2884 laudent
535 2833 658 2904 potitae.
700 2822 780 2885 Nam
803 2823 837 2884 in
858 2820 936 2883 Vita
957 2821 1085 2902 Eurip,
1105 2843 1199 2905 quam
1221 2823 1423 2901 Elmslejus

280 2945 299 2985 e
320 2923 548 2988 Mediolanensi
569 2926 652 2990 libro
676 2925 787 3005 edidit,
807 2925 1056 2989 commemoratis
1075 2925 1311 2989 lllncsarchidae
1335 2928 1424 2991 iabu-

279 3029 329 3105 lis,
350 3027 511 3106 adjicitur:
532 3027 663 3097 sedeur
685 3023 867 3095 nausiator
889 3029 965 3110 cpio
995 3028 1136 3113 Τέννης,
1153 3023 1423 3112 Ῥαδάμανθνς,

279 3131 480 3215 Πειρίθους.
521 3129 651 3194 Easdem
669 3130 789 3192 iabulas
803 3129 953 3210 intelligit
970 3131 1010 3192 ab
1028 3150 1128 3212 eoque
1143 3131 1298 3208 abjudicat
1313 3143 1423 3195 auctor

279 3234 384 3312 Vitae,
405 3233 760 3296 aZimmermauno
780 3232 813 3294 in
836 3233 925 3295 Diar.
947 3232 1101 3296 Scholast.
1115 3237 1210 3296 1828.
1232 3236 1269 3296 P.
1281 3235 1320 3296 ll.
1342 3257 1374 3298 u.
1391 3241 1421 3298 2.

277 3338 468 3418 propositae,
491 3337 547 3420 qui
570 3339 698 3418 plenum
722 3336 908 3416 fabularum,
933 3356 1011 3418 quas
1035 3334 1202 3418 Euripides
1223 3336 1343 3409 lecerit,
1365 3359 1422 3400 nu·

279 3459 398 3500 merum
420 3439 571 3518 significat
584 3455 627 3501 'ao
649 3452 774 3502 monett
795 3434 930 3519 σώζεται
953 3438 988 3506 dl
1006 3436 1067 3516 σι’,
1088 3431 1219 3512 satisne
1234 3436 1420 3508 caesinas

278 3540 367 3621 spir.
408 3540 490 3602 Nam
512 3541 763 3619 Boeckhius,
790 3541 847 3623 qui
877 3540 933 3603 Gr.
960 3543 1014 3602 Tr.
1043 3542 1096 3603 Pr.
1126 3563 1157 3622 p.
1182 3544 1245 3605 232
1275 3542 1352 3605 llaec
1380 3540 1420 3602 de

279 3639 383 3703 Rheso
413 3642 592 3724 accipienda
614 3664 680 3706 csse
708 3645 875 3725 opinatur,
902 3655 1088 3725 perpetuam
1109 3644 1143 3706 io
1166 3642 1285 3706 duobus
1306 3659 1418 3704 montr-

278 3743 391 3806 mcntis
413 3765 518 3806 rerum
544 3749 774 3829 uerborumque
797 3745 1044 3809 convenientiam
1060 3765 1171 3829 parum
1189 3741 1418 3810 animaduertit.

276 3846 361 3926 „vide
380 3849 540 3928 Pilugk.
561 3851 695 3913 Praeter.
716 3851 751 3910 in
770 3848 914 3931 Euripid.
932 3851 1049 3914 Lxxt.
1090 3848 1155 3914 Sed
1171 3846 1365 3929 Euripidem,
1386 3861 1418 3912 ut

277 3950 462 4032 scriptorem
484 3953 628 4032 Pirithoi,
650 3951 924 4016 Stobaeus-Serm.
939 3958 997 4016 121
1023 3953 1086 4039 (ed.
1103 3951 1220 4036 Gran),
1241 3954 1417 4032 Plr..Eelog.
1508 3999 1509 4026 2

276 4054 360 4132 Vlll,
379 4061 416 4132 4,
448 4056 628 4122 Eustathius
660 4055 699 4118 ad
728 4055 861 4136 Dionys.
882 4057 1003 4136 Perieg.
1030 4061 1129 4135 1134,
1163 4055 1335 4136 Gregorius
1359 4055 1418 4120 Co·
1507 4121 1508 4136 ,

275 4156 373 4219 rioth.
397 4157 429 4218 in
452 4159 598 4239 Hermog.
622 4159 714 4222 Rhet.
737 4159 792 4220 Gr.
814 4157 888 4220 Vol.
908 4161 978 4239 Vll,
998 4165 1029 4223 2.
1057 4181 1089 4240 p.
1112 4159 1216 4237 1312,
1245 4157 1417 4220 Scholiasta

277 4263 315 4324 ad
337 4265 486 4345 Apollon.
508 4267 611 4330 Rhod.
634 4271 805 4350 Argouaut.
826 4273 880 4354 lV,
905 4279 983 4350 144,
1014 4269 1052 4332 ad
1068 4269 1243 4350 ‚Aristoph
1265 4271 1326 4332 Ar.
1348 4270 1417 4344 179,

275 4365 315 4430 ad
339 4368 449 4450 Eurip.
471 4369 575 4436 Orest.
598 4375 678 4454 970,
709 4376 820 4443 Suidas
843 4400 869 4444 s.
890 4402 923 4444 r.
947 4368 1052 4452 πόλος
1074 4375 1254 4458 perhibent.
1297 4375 1416 4436 Verum

275 4472 359 4535 enim
381 4475 558 4542 Athenaeus
579 4483 621 4544 X.
651 4505 683 4566 p.
704 4489 817 4550 496ss
845 4483 1019 4569 disceptare
1042 4508 1104 4550 non
1130 4501 1222 4544 ausus
1251 4494 1317 4559 est,
1350 4493 1417 4544 uter
