<?xml version="1.0" encoding="UTF-8"?>
<!DOCTYPE html PUBLIC "-//W3C//DTD XHTML 1.0 Transitional//EN"
    "http://www.w3.org/TR/xhtml1/DTD/xhtml1-transitional.dtd">
<html xmlns="http://www.w3.org/1999/xhtml" xml:lang="en" lang="en">
 <head>
  <title>
</title>
<meta http-equiv="Content-Type" content="text/html;charset=utf-8" />
  <meta name='ocr-system' content='tesseract 3.04.00' />
  <meta name='ocr-capabilities' content='ocr_page ocr_carea ocr_par ocr_line ocrx_word'/>
</head>
<body>
  <div class='ocr_page' id='page_1' title='image "./historiacritica01kaysgoog/historiacritica01kaysgoog_0203.png"; bbox 0 0 3076 4998; ppageno 0'>
   <div class='ocr_carea' id='block_1_1' title="bbox 654 329 724 402">
    <p class='ocr_par' dir='ltr' id='par_1_1' title="bbox 654 329 724 402">
     <span class='ocr_line' id='line_1_1' title="bbox 654 329 724 402; baseline 0.029 -2"><span class='ocrx_word' id='word_1_1' title='bbox 654 329 724 402; x_wconf 81' lang='lat' dir='ltr'><strong>idi</strong></span> 
     </span>
    </p>
   </div>
   <div class='ocr_carea' id='block_1_2' title="bbox 109 514 1366 4518">
    <p class='ocr_par' dir='ltr' id='par_1_2' title="bbox 113 514 1355 1526">
     <span class='ocr_line' id='line_1_2' title="bbox 113 514 1261 609; baseline 0.009 -29"><span class='ocrx_word' id='word_1_2' title='bbox 113 515 248 580; x_wconf 89' lang='lat' dir='ltr'><strong>suadere</strong></span> <span class='ocrx_word' id='word_1_3' title='bbox 270 515 428 596; x_wconf 86' lang='lat' dir='ltr'><strong>potuisse,</strong></span> <span class='ocrx_word' id='word_1_4' title='bbox 451 514 507 597; x_wconf 91' lang='lat' dir='ltr'><strong>qui</strong></span> <span class='ocrx_word' id='word_1_5' title='bbox 529 531 591 576; x_wconf 89' lang='lat' dir='ltr'><strong>uon</strong></span> <span class='ocrx_word' id='word_1_6' title='bbox 612 517 716 578; x_wconf 86' lang='lat' dir='ltr'><strong>minut</strong></span> <span class='ocrx_word' id='word_1_7' title='bbox 737 518 976 582; x_wconf 69' lang='lat' dir='ltr'><strong>ostentationem</strong></span> <span class='ocrx_word' id='word_1_8' title='bbox 998 525 1205 609; x_wconf 86' lang='lat' dir='ltr'><strong>hujus,&#39;qnae</strong></span> <span class='ocrx_word' id='word_1_9' title='bbox 1228 527 1261 590; x_wconf 91' lang='lat' dir='ltr'><strong>in</strong></span> 
     </span>
     <span class='ocr_line' id='line_1_3' title="bbox 113 617 1261 704; baseline 0.017 -27"><span class='ocrx_word' id='word_1_10' title='bbox 113 621 177 682; x_wconf 78' lang='lat' dir='ltr'><strong>illis</strong></span> <span class='ocrx_word' id='word_1_11' title='bbox 198 617 306 682; x_wconf 80' lang='lat' dir='ltr'><strong>verbis</strong></span> <span class='ocrx_word' id='word_1_12' title='bbox 329 617 493 697; x_wconf 83' lang='lat' dir='ltr'><strong>conspicua</strong></span> <span class='ocrx_word' id='word_1_13' title='bbox 514 629 571 695; x_wconf 86' lang='lat' dir='ltr'><strong>eat,</strong></span> <span class='ocrx_word' id='word_1_14' title='bbox 594 637 723 700; x_wconf 85' lang='lat' dir='ltr'><strong>carpens</strong></span> <span class='ocrx_word' id='word_1_15' title='bbox 746 619 918 701; x_wconf 83' lang='lat' dir='ltr'><strong>interrogat</strong></span> <span class='ocrx_word' id='word_1_16' title='bbox 938 623 1080 689; x_wconf 51' lang='lat' dir='ltr'><strong>totoue:</strong></span> <span class='ocrx_word' id='word_1_17' title='bbox 1114 624 1204 704; x_wconf 68' lang='lat' dir='ltr'><strong>Totis</strong></span> <span class='ocrx_word' id='word_1_18' title='bbox 1226 630 1261 698; x_wconf 74' lang='lat' dir='ltr'><strong>db</strong></span> 
     </span>
     <span class='ocr_line' id='line_1_4' title="bbox 114 713 1261 816; baseline 0.01 -29"><span class='ocrx_word' id='word_1_19' title='bbox 114 715 266 794; x_wconf 73' lang='grc' dir='ltr'><strong><em>πολλοὺς</em></strong></span> <span class='ocrx_word' id='word_1_20' title='bbox 288 715 350 786; x_wconf 80' lang='lat' dir='ltr'><strong>ocia</strong></span> <span class='ocrx_word' id='word_1_21' title='bbox 373 715 417 786; x_wconf 78' lang='lat' dir='ltr'><strong>cir</strong></span> <span class='ocrx_word' id='word_1_22' title='bbox 439 713 630 808; x_wconf 75' lang='grc' dir='ltr'><strong><em>αἰσχύνοιο,</em></strong></span> <span class='ocrx_word' id='word_1_23' title='bbox 653 726 736 789; x_wconf 78' lang='grc' dir='ltr'><strong>εἴτι</strong></span> <span class='ocrx_word' id='word_1_24' title='bbox 760 727 846 792; x_wconf 81' lang='lat' dir='ltr'><strong>oi&#39;oto</strong></span> <span class='ocrx_word' id='word_1_25' title='bbox 867 721 1006 816; x_wconf 77' lang='grc' dir='ltr'><strong><em>αἰσχρὸν</em></strong></span> <span class='ocrx_word' id='word_1_26' title='bbox 1028 744 1147 798; x_wconf 80' lang='grc' dir='ltr'><strong><em>ποιεῖν.</em></strong></span> <span class='ocrx_word' id='word_1_27' title='bbox 1190 731 1261 810; x_wconf 88' lang='lat' dir='ltr'><strong>Quo</strong></span> 
     </span>
     <span class='ocr_line' id='line_1_5' title="bbox 114 818 1262 918; baseline 0.013 -35"><span class='ocrx_word' id='word_1_28' title='bbox 114 820 243 905; x_wconf 91' lang='lat' dir='ltr'><strong>quidem</strong></span> <span class='ocrx_word' id='word_1_29' title='bbox 273 821 360 881; x_wconf 91' lang='lat' dir='ltr'><strong>illam</strong></span> <span class='ocrx_word' id='word_1_30' title='bbox 388 818 533 882; x_wconf 88' lang='lat' dir='ltr'><strong>fiduciam</strong></span> <span class='ocrx_word' id='word_1_31' title='bbox 562 843 596 884; x_wconf 90' lang='lat' dir='ltr'><strong>ac</strong></span> <span class='ocrx_word' id='word_1_32' title='bbox 620 827 815 888; x_wconf 78' lang='lat' dir='ltr'><strong>securitatem</strong></span> <span class='ocrx_word' id='word_1_33' title='bbox 844 829 944 890; x_wconf 91' lang='lat' dir='ltr'><strong>multo</strong></span> <span class='ocrx_word' id='word_1_34' title='bbox 970 831 1067 910; x_wconf 81' lang='lat' dir='ltr'><strong>magis</strong></span> <span class='ocrx_word' id='word_1_35' title='bbox 1096 853 1135 893; x_wconf 85' lang='lat' dir='ltr'><strong>ex</strong></span> <span class='ocrx_word' id='word_1_36' title='bbox 1159 832 1262 918; x_wconf 89' lang='lat' dir='ltr'><strong>despi-</strong></span> 
     </span>
     <span class='ocr_line' id='line_1_6' title="bbox 114 925 1261 1006; baseline 0.014 -20"><span class='ocrx_word' id='word_1_37' title='bbox 114 925 244 1002; x_wconf 90' lang='lat' dir='ltr'><strong>cientia,</strong></span> <span class='ocrx_word' id='word_1_38' title='bbox 278 944 372 1006; x_wconf 88' lang='lat' dir='ltr'><strong>quam</strong></span> <span class='ocrx_word' id='word_1_39' title='bbox 401 927 664 1006; x_wconf 83' lang='lat' dir='ltr'><strong>contemplatione</strong></span> <span class='ocrx_word' id='word_1_40' title='bbox 694 930 806 992; x_wconf 83' lang='lat' dir='ltr'><strong>scenici</strong></span> <span class='ocrx_word' id='word_1_41' title='bbox 837 945 995 994; x_wconf 88' lang='lat' dir='ltr'><strong>consessus</strong></span> <span class='ocrx_word' id='word_1_42' title='bbox 1025 935 1166 998; x_wconf 78' lang='lat' dir='ltr'><strong>exortam</strong></span> <span class='ocrx_word' id='word_1_43' title='bbox 1196 961 1261 1004; x_wconf 85' lang='lat' dir='ltr'><strong>esse</strong></span> 
     </span>
     <span class='ocr_line' id='line_1_7' title="bbox 114 1025 1261 1116; baseline 0.012 -25"><span class='ocrx_word' id='word_1_44' title='bbox 114 1029 277 1110; x_wconf 82' lang='lat' dir='ltr'><strong>significat.</strong></span> <span class='ocrx_word' id='word_1_45' title='bbox 321 1025 524 1108; x_wconf 82' lang='lat' dir='ltr'><strong>Quapropter</strong></span> <span class='ocrx_word' id='word_1_46' title='bbox 544 1029 603 1091; x_wconf 90' lang='lat' dir='ltr'><strong>etsi</strong></span> <span class='ocrx_word' id='word_1_47' title='bbox 625 1043 743 1111; x_wconf 88' lang='lat' dir='ltr'><strong>cuncta,</strong></span> <span class='ocrx_word' id='word_1_48' title='bbox 766 1051 846 1115; x_wconf 88' lang='lat' dir='ltr'><strong>qnae</strong></span> <span class='ocrx_word' id='word_1_49' title='bbox 867 1035 925 1095; x_wconf 90' lang='lat' dir='ltr'><strong>sub</strong></span> <span class='ocrx_word' id='word_1_50' title='bbox 948 1035 1108 1116; x_wconf 80' lang='lat' dir='ltr'><strong>Euripidis</strong></span> <span class='ocrx_word' id='word_1_51' title='bbox 1130 1053 1261 1106; x_wconf 88' lang='lat' dir='ltr'><strong>aetatem</strong></span> 
     </span>
     <span class='ocr_line' id='line_1_8' title="bbox 113 1132 1262 1224; baseline 0.014 -32"><span class='ocrx_word' id='word_1_52' title='bbox 113 1132 146 1192; x_wconf 93' lang='lat' dir='ltr'><strong>in</strong></span> <span class='ocrx_word' id='word_1_53' title='bbox 170 1135 227 1192; x_wconf 91' lang='lat' dir='ltr'><strong>bac</strong></span> <span class='ocrx_word' id='word_1_54' title='bbox 256 1143 325 1194; x_wconf 89' lang='lat' dir='ltr'><strong>arte</strong></span> <span class='ocrx_word' id='word_1_55' title='bbox 347 1142 473 1211; x_wconf 91' lang='lat' dir='ltr'><strong>peccata</strong></span> <span class='ocrx_word' id='word_1_56' title='bbox 494 1132 590 1194; x_wconf 85' lang='lat' dir='ltr'><strong>luisse</strong></span> <span class='ocrx_word' id='word_1_57' title='bbox 615 1133 808 1212; x_wconf 86' lang='lat' dir='ltr'><strong>videbimus,</strong></span> <span class='ocrx_word' id='word_1_58' title='bbox 839 1135 872 1197; x_wconf 91' lang='lat' dir='ltr'><strong>in</strong></span> <span class='ocrx_word' id='word_1_59' title='bbox 894 1139 977 1200; x_wconf 92' lang='lat' dir='ltr'><strong>hunc</strong></span> <span class='ocrx_word' id='word_1_60' title='bbox 1006 1141 1132 1224; x_wconf 86' lang='lat' dir='ltr'><strong>quoque</strong></span> <span class='ocrx_word' id='word_1_61' title='bbox 1161 1149 1262 1208; x_wconf 90' lang='lat' dir='ltr'><strong>conci-</strong></span> 
     </span>
     <span class='ocr_line' id='line_1_9' title="bbox 114 1232 1263 1328; baseline 0.016 -34"><span class='ocrx_word' id='word_1_62' title='bbox 114 1232 207 1309; x_wconf 91' lang='lat' dir='ltr'><strong>dant,</strong></span> <span class='ocrx_word' id='word_1_63' title='bbox 231 1233 357 1314; x_wconf 89' lang='lat' dir='ltr'><strong>copiose</strong></span> <span class='ocrx_word' id='word_1_64' title='bbox 379 1245 483 1294; x_wconf 89' lang='lat' dir='ltr'><strong>tamen</strong></span> <span class='ocrx_word' id='word_1_65' title='bbox 505 1234 872 1320; x_wconf 70' lang='lat' dir='ltr'><strong>stapulas-proprietates</strong></span> <span class='ocrx_word' id='word_1_66' title='bbox 895 1240 939 1301; x_wconf 88' lang='lat' dir='ltr'><strong>ita</strong></span> <span class='ocrx_word' id='word_1_67' title='bbox 962 1262 1203 1328; x_wconf 77' lang='lat' dir='ltr'><strong>persequemur,</strong></span> <span class='ocrx_word' id='word_1_68' title='bbox 1228 1264 1263 1312; x_wconf 93' lang='lat' dir='ltr'><strong>ut</strong></span> 
     </span>
     <span class='ocr_line' id='line_1_10' title="bbox 115 1335 1355 1436; baseline 0.015 -38"><span class='ocrx_word' id='word_1_69' title='bbox 115 1355 253 1412; x_wconf 86' lang='lat' dir='ltr'><strong>caussas,</strong></span> <span class='ocrx_word' id='word_1_70' title='bbox 284 1335 400 1416; x_wconf 79' lang='lat' dir='ltr'><strong>quibua</strong></span> <span class='ocrx_word' id='word_1_71' title='bbox 425 1335 497 1398; x_wconf 85' lang='lat' dir='ltr'><strong>illae</strong></span> <span class='ocrx_word' id='word_1_72' title='bbox 528 1339 744 1418; x_wconf 88' lang='lat' dir='ltr'><strong>continentur,</strong></span> <span class='ocrx_word' id='word_1_73' title='bbox 773 1341 858 1424; x_wconf 89' lang='lat' dir='ltr'><strong>quod</strong></span> <span class='ocrx_word' id='word_1_74' title='bbox 880 1344 972 1407; x_wconf 82' lang='lat' dir='ltr'><strong>latius</strong></span> <span class='ocrx_word' id='word_1_75' title='bbox 993 1361 1104 1428; x_wconf 89' lang='lat' dir='ltr'><strong>patent</strong></span> <span class='ocrx_word' id='word_1_76' title='bbox 1123 1352 1261 1436; x_wconf 86' lang='lat' dir='ltr'><strong>alibique</strong></span> <span class='ocrx_word' id='word_1_77' title='bbox 1354 1379 1355 1384; x_wconf 48' lang='lat'>¹</span> 
     </span>
     <span class='ocr_line' id='line_1_11' title="bbox 114 1438 955 1526; baseline 0.012 -26"><span class='ocrx_word' id='word_1_78' title='bbox 114 1441 188 1501; x_wconf 90' lang='lat' dir='ltr'><strong>satis</strong></span> <span class='ocrx_word' id='word_1_79' title='bbox 211 1438 375 1520; x_wconf 80' lang='lat' dir='ltr'><strong>expositae</strong></span> <span class='ocrx_word' id='word_1_80' title='bbox 396 1451 485 1518; x_wconf 89' lang='lat' dir='ltr'><strong>sunt,</strong></span> <span class='ocrx_word' id='word_1_81' title='bbox 512 1441 637 1506; x_wconf 87' lang='lat' dir='ltr'><strong>silentio</strong></span> <span class='ocrx_word' id='word_1_82' title='bbox 659 1445 955 1526; x_wconf 82' lang='lat' dir='ltr'><strong>praetermittamus.</strong></span> 
     </span>
    </p>

    <p class='ocr_par' dir='ltr' id='par_1_3' title="bbox 109 1542 1366 4419">
     <span class='ocr_line' id='line_1_12' title="bbox 200 1542 1261 1638; baseline 0.015 -34"><span class='ocrx_word' id='word_1_83' title='bbox 200 1545 237 1604; x_wconf 92' lang='lat' dir='ltr'><strong>ln</strong></span> <span class='ocrx_word' id='word_1_84' title='bbox 260 1543 361 1604; x_wconf 90' lang='lat' dir='ltr'><strong>tribus</strong></span> <span class='ocrx_word' id='word_1_85' title='bbox 382 1542 479 1622; x_wconf 76' lang='lat' dir='ltr'><strong>igitur</strong></span> <span class='ocrx_word' id='word_1_86' title='bbox 499 1543 622 1624; x_wconf 85' lang='lat' dir='ltr'><strong>fabulis,</strong></span> <span class='ocrx_word' id='word_1_87' title='bbox 643 1567 725 1630; x_wconf 88' lang='lat' dir='ltr'><strong>qnae</strong></span> <span class='ocrx_word' id='word_1_88' title='bbox 743 1548 910 1612; x_wconf 88' lang='lat' dir='ltr'><strong>libidinum</strong></span> <span class='ocrx_word' id='word_1_89' title='bbox 930 1564 961 1614; x_wconf 84' lang='lat' dir='ltr'><strong>et</strong></span> <span class='ocrx_word' id='word_1_90' title='bbox 978 1554 1175 1618; x_wconf 85' lang='lat' dir='ltr'><strong>lacrimarum</strong></span> <span class='ocrx_word' id='word_1_91' title='bbox 1193 1559 1261 1638; x_wconf 92' lang='lat' dir='ltr'><strong>ple·</strong></span> 
     </span>
     <span class='ocr_line' id='line_1_13' title="bbox 114 1644 1311 1737; baseline 0.012 -29"><span class='ocrx_word' id='word_1_92' title='bbox 114 1667 172 1708; x_wconf 88' lang='lat' dir='ltr'><strong>nae</strong></span> <span class='ocrx_word' id='word_1_93' title='bbox 194 1657 309 1724; x_wconf 87' lang='lat' dir='ltr'><strong>essent,</strong></span> <span class='ocrx_word' id='word_1_94' title='bbox 328 1644 362 1712; x_wconf 89' lang='lat' dir='ltr'><strong>id</strong></span> <span class='ocrx_word' id='word_1_95' title='bbox 383 1648 570 1728; x_wconf 70' lang='lat' dir='ltr'><strong>spectatione</strong></span> <span class='ocrx_word' id='word_1_96' title='bbox 591 1647 727 1728; x_wconf 85' lang='lat' dir='ltr'><strong>ridetur,</strong></span> <span class='ocrx_word' id='word_1_97' title='bbox 750 1664 784 1713; x_wconf 88' lang='lat' dir='ltr'><strong>ut</strong></span> <span class='ocrx_word' id='word_1_98' title='bbox 807 1673 875 1714; x_wconf 87' lang='lat' dir='ltr'><strong>eam</strong></span> <span class='ocrx_word' id='word_1_99' title='bbox 896 1655 992 1715; x_wconf 88' lang='lat' dir='ltr'><strong>animi</strong></span> <span class='ocrx_word' id='word_1_100' title='bbox 1013 1659 1260 1737; x_wconf 86' lang='lat' dir='ltr'><strong>commotionem,</strong></span> <span class='ocrx_word' id='word_1_101' title='bbox 1309 1696 1311 1701; x_wconf 94' lang='lat'>·</span> 
     </span>
     <span class='ocr_line' id='line_1_14' title="bbox 114 1745 1260 1843; baseline 0.012 -34"><span class='ocrx_word' id='word_1_102' title='bbox 114 1767 209 1833; x_wconf 81' lang='lat' dir='ltr'><strong>quant</strong></span> <span class='ocrx_word' id='word_1_103' title='bbox 229 1751 306 1810; x_wconf 87' lang='lat' dir='ltr'><strong>baec</strong></span> <span class='ocrx_word' id='word_1_104' title='bbox 320 1745 580 1817; x_wconf 66' lang='lat' dir='ltr'><strong>arasconnnorere</strong></span> <span class='ocrx_word' id='word_1_105' title='bbox 601 1752 703 1831; x_wconf 91' lang='lat' dir='ltr'><strong>debet,</strong></span> <span class='ocrx_word' id='word_1_106' title='bbox 724 1753 840 1834; x_wconf 82' lang='lat' dir='ltr'><strong>partim</strong></span> <span class='ocrx_word' id='word_1_107' title='bbox 861 1757 1024 1819; x_wconf 81' lang='lat' dir='ltr'><strong>atrocitate</strong></span> <span class='ocrx_word' id='word_1_108' title='bbox 1044 1777 1160 1837; x_wconf 90' lang='lat' dir='ltr'><strong>rerum,</strong></span> <span class='ocrx_word' id='word_1_109' title='bbox 1181 1783 1260 1843; x_wconf 89' lang='lat' dir='ltr'><strong>quae</strong></span> 
     </span>
     <span class='ocr_line' id='line_1_15' title="bbox 113 1855 1261 1937; baseline 0.01 -23"><span class='ocrx_word' id='word_1_110' title='bbox 113 1855 303 1932; x_wconf 82' lang='lat' dir='ltr'><strong>agebantur,</strong></span> <span class='ocrx_word' id='word_1_111' title='bbox 323 1867 477 1933; x_wconf 69' lang='lat' dir='ltr'><strong>anguet,</strong></span> <span class='ocrx_word' id='word_1_112' title='bbox 507 1855 623 1936; x_wconf 84' lang='lat' dir='ltr'><strong>partim</strong></span> <span class='ocrx_word' id='word_1_113' title='bbox 644 1856 801 1916; x_wconf 87' lang='lat' dir='ltr'><strong>amoribus</strong></span> <span class='ocrx_word' id='word_1_114' title='bbox 817 1857 1093 1937; x_wconf 82' lang='lat' dir='ltr'><strong>repraesentandis</strong></span> <span class='ocrx_word' id='word_1_115' title='bbox 1115 1862 1261 1925; x_wconf 85' lang='lat' dir='ltr'><strong>variaret.</strong></span> 
     </span>
     <span class='ocr_line' id='line_1_16' title="bbox 112 1955 1331 2040; baseline 0.007 -21"><span class='ocrx_word' id='word_1_116' title='bbox 112 1955 293 2020; x_wconf 86' lang='lat' dir='ltr'><strong>Narrabant</strong></span> <span class='ocrx_word' id='word_1_117' title='bbox 319 1955 422 2035; x_wconf 88' lang='lat' dir='ltr'><strong>enim,</strong></span> <span class='ocrx_word' id='word_1_118' title='bbox 456 1959 675 2022; x_wconf 80' lang='lat' dir='ltr'><strong>Alcmaeonem</strong></span> <span class='ocrx_word' id='word_1_119' title='bbox 705 1957 914 2036; x_wconf 83' lang='lat' dir='ltr'><strong>matricidam,</strong></span> <span class='ocrx_word' id='word_1_120' title='bbox 938 1967 1017 2022; x_wconf 80' lang='lat' dir='ltr'><strong>&#39;com</strong></span> <span class='ocrx_word' id='word_1_121' title='bbox 1046 1963 1260 2040; x_wconf 78' lang='lat' dir='ltr'><strong>gravissimum</strong></span> <span class='ocrx_word' id='word_1_122' title='bbox 1328 2009 1331 2013; x_wconf 90' lang='lat'><em>-</em></span> 
     </span>
     <span class='ocr_line' id='line_1_17' title="bbox 112 2059 1260 2143; baseline 0.007 -21"><span class='ocrx_word' id='word_1_123' title='bbox 112 2062 212 2122; x_wconf 89' lang='lat' dir='ltr'><strong>scelus</strong></span> <span class='ocrx_word' id='word_1_124' title='bbox 235 2059 364 2140; x_wconf 86' lang='lat' dir='ltr'><strong>expiare</strong></span> <span class='ocrx_word' id='word_1_125' title='bbox 386 2072 531 2140; x_wconf 84' lang='lat' dir='ltr'><strong>cuperet,</strong></span> <span class='ocrx_word' id='word_1_126' title='bbox 555 2073 586 2122; x_wconf 94' lang='lat' dir='ltr'><strong>et</strong></span> <span class='ocrx_word' id='word_1_127' title='bbox 608 2060 797 2123; x_wconf 84' lang='lat' dir='ltr'><strong>adulterium</strong></span> <span class='ocrx_word' id='word_1_128' title='bbox 819 2063 1024 2143; x_wconf 90' lang='lat' dir='ltr'><strong>commisisse,</strong></span> <span class='ocrx_word' id='word_1_129' title='bbox 1055 2084 1124 2128; x_wconf 90' lang='lat' dir='ltr'><strong>cum</strong></span> <span class='ocrx_word' id='word_1_130' title='bbox 1148 2065 1260 2130; x_wconf 86' lang='lat' dir='ltr'><strong>Callir-</strong></span> 
     </span>
     <span class='ocr_line' id='line_1_18' title="bbox 111 2161 1260 2246; baseline 0.005 -20"><span class='ocrx_word' id='word_1_131' title='bbox 111 2167 223 2243; x_wconf 89' lang='lat' dir='ltr'><strong>rhoen,</strong></span> <span class='ocrx_word' id='word_1_132' title='bbox 245 2161 410 2244; x_wconf 88' lang='lat' dir='ltr'><strong>repudiata</strong></span> <span class='ocrx_word' id='word_1_133' title='bbox 431 2162 650 2244; x_wconf 75' lang='lat' dir='ltr'><strong>Alphesiboea,</strong></span> <span class='ocrx_word' id='word_1_134' title='bbox 672 2165 706 2226; x_wconf 93' lang='lat' dir='ltr'><strong>in</strong></span> <span class='ocrx_word' id='word_1_135' title='bbox 727 2165 959 2227; x_wconf 82' lang='lat' dir='ltr'><strong>matrimonium</strong></span> <span class='ocrx_word' id='word_1_136' title='bbox 982 2165 1117 2246; x_wconf 89' lang='lat' dir='ltr'><strong>ducaret,</strong></span> <span class='ocrx_word' id='word_1_137' title='bbox 1140 2181 1171 2230; x_wconf 90' lang='lat' dir='ltr'><strong>et</strong></span> <span class='ocrx_word' id='word_1_138' title='bbox 1193 2182 1260 2232; x_wconf 90' lang='lat' dir='ltr'><strong>tan·</strong></span> 
     </span>
     <span class='ocr_line' id='line_1_19' title="bbox 111 2265 1260 2347; baseline 0.006 -18"><span class='ocrx_word' id='word_1_139' title='bbox 111 2279 175 2330; x_wconf 85' lang='lat' dir='ltr'><strong>tam</strong></span> <span class='ocrx_word' id='word_1_140' title='bbox 203 2265 329 2328; x_wconf 88' lang='lat' dir='ltr'><strong>relictae</strong></span> <span class='ocrx_word' id='word_1_141' title='bbox 355 2267 492 2345; x_wconf 86' lang='lat' dir='ltr'><strong>conjugis</strong></span> <span class='ocrx_word' id='word_1_142' title='bbox 516 2268 686 2347; x_wconf 77' lang='lat' dir='ltr'><strong>suscepisse</strong></span> <span class='ocrx_word' id='word_1_143' title='bbox 714 2265 924 2346; x_wconf 87' lang='lat' dir='ltr'><strong>iracundiam,</strong></span> <span class='ocrx_word' id='word_1_144' title='bbox 956 2282 991 2332; x_wconf 92' lang='lat' dir='ltr'><strong>ut</strong></span> <span class='ocrx_word' id='word_1_145' title='bbox 1020 2272 1095 2332; x_wconf 92' lang='lat' dir='ltr'><strong>haec</strong></span> <span class='ocrx_word' id='word_1_146' title='bbox 1120 2273 1148 2333; x_wconf 90' lang='lat' dir='ltr'><strong>ei</strong></span> <span class='ocrx_word' id='word_1_147' title='bbox 1177 2293 1260 2336; x_wconf 68' lang='lat' dir='ltr'><strong>mon</strong></span> 
     </span>
     <span class='ocr_line' id='line_1_20' title="bbox 111 2367 1260 2452; baseline 0.006 -20"><span class='ocrx_word' id='word_1_148' title='bbox 111 2383 174 2432; x_wconf 89' lang='lat' dir='ltr'><strong>tem</strong></span> <span class='ocrx_word' id='word_1_149' title='bbox 193 2370 388 2431; x_wconf 83' lang='lat' dir='ltr'><strong>acceleraret.</strong></span> <span class='ocrx_word' id='word_1_150' title='bbox 432 2367 494 2430; x_wconf 86' lang='lat' dir='ltr'><strong>Sed</strong></span> <span class='ocrx_word' id='word_1_151' title='bbox 516 2369 641 2449; x_wconf 81' lang='lat' dir='ltr'><strong>gravius</strong></span> <span class='ocrx_word' id='word_1_152' title='bbox 664 2369 757 2430; x_wconf 88' lang='lat' dir='ltr'><strong>etiam</strong></span> <span class='ocrx_word' id='word_1_153' title='bbox 772 2371 914 2452; x_wconf 80' lang='lat' dir='ltr'><strong>Aeropus</strong></span> <span class='ocrx_word' id='word_1_154' title='bbox 938 2375 1036 2435; x_wconf 87' lang='lat' dir='ltr'><strong>scelus</strong></span> <span class='ocrx_word' id='word_1_155' title='bbox 1058 2373 1128 2434; x_wconf 89' lang='lat' dir='ltr'><strong>luit.</strong></span> <span class='ocrx_word' id='word_1_156' title='bbox 1172 2373 1260 2452; x_wconf 84' lang='lat' dir='ltr'><strong>Quae</strong></span> 
     </span>
     <span class='ocr_line' id='line_1_21' title="bbox 111 2473 1259 2561; baseline 0.007 -26"><span class='ocrx_word' id='word_1_157' title='bbox 111 2473 227 2556; x_wconf 89' lang='lat' dir='ltr'><strong>partim</strong></span> <span class='ocrx_word' id='word_1_158' title='bbox 250 2473 291 2534; x_wconf 95' lang='lat' dir='ltr'><strong>ob</strong></span> <span class='ocrx_word' id='word_1_159' title='bbox 318 2486 466 2551; x_wconf 83' lang='lat' dir='ltr'><strong>spurcum</strong></span> <span class='ocrx_word' id='word_1_160' title='bbox 490 2489 648 2550; x_wconf 85' lang='lat' dir='ltr'><strong>amorem,</strong></span> <span class='ocrx_word' id='word_1_161' title='bbox 680 2489 744 2555; x_wconf 89' lang='lat' dir='ltr'><strong>quo</strong></span> <span class='ocrx_word' id='word_1_162' title='bbox 765 2473 950 2556; x_wconf 83' lang='lat' dir='ltr'><strong>Thyestem,</strong></span> <span class='ocrx_word' id='word_1_163' title='bbox 983 2477 1112 2538; x_wconf 83' lang='lat' dir='ltr'><strong>fratrem</strong></span> <span class='ocrx_word' id='word_1_164' title='bbox 1141 2481 1259 2561; x_wconf 89' lang='lat' dir='ltr'><strong>uxoris,</strong></span> 
     </span>
     <span class='ocr_line' id='line_1_22' title="bbox 111 2574 1260 2664; baseline 0.006 -26"><span class='ocrx_word' id='word_1_165' title='bbox 111 2575 240 2652; x_wconf 87' lang='lat' dir='ltr'><strong>dilexit,</strong></span> <span class='ocrx_word' id='word_1_166' title='bbox 269 2575 386 2654; x_wconf 90' lang='lat' dir='ltr'><strong>partim</strong></span> <span class='ocrx_word' id='word_1_167' title='bbox 411 2575 585 2639; x_wconf 88' lang='lat' dir='ltr'><strong>mirabilem</strong></span> <span class='ocrx_word' id='word_1_168' title='bbox 610 2574 699 2640; x_wconf 90' lang='lat' dir='ltr'><strong>iilum</strong></span> <span class='ocrx_word' id='word_1_169' title='bbox 722 2599 852 2658; x_wconf 83' lang='lat' dir='ltr'><strong>agnum,</strong></span> <span class='ocrx_word' id='word_1_170' title='bbox 881 2583 967 2643; x_wconf 89' lang='lat' dir='ltr'><strong>velot</strong></span> <span class='ocrx_word' id='word_1_171' title='bbox 991 2575 1104 2663; x_wconf 84' lang='lat' dir='ltr'><strong>pignus</strong></span> <span class='ocrx_word' id='word_1_172' title='bbox 1124 2583 1260 2664; x_wconf 89' lang='lat' dir='ltr'><strong>imperii,</strong></span> 
     </span>
     <span class='ocr_line' id='line_1_23' title="bbox 111 2678 1259 2764; baseline 0.007 -22"><span class='ocrx_word' id='word_1_173' title='bbox 111 2681 210 2742; x_wconf 86' lang='lat' dir='ltr'><strong>Atreo</strong></span> <span class='ocrx_word' id='word_1_174' title='bbox 234 2679 351 2758; x_wconf 85' lang='lat' dir='ltr'><strong>iurata,</strong></span> <span class='ocrx_word' id='word_1_175' title='bbox 385 2701 454 2741; x_wconf 89' lang='lat' dir='ltr'><strong>cum</strong></span> <span class='ocrx_word' id='word_1_176' title='bbox 476 2682 628 2758; x_wconf 77' lang='lat' dir='ltr'><strong>iustitiam·</strong></span> <span class='ocrx_word' id='word_1_177' title='bbox 654 2701 671 2744; x_wconf 88' lang='lat' dir='ltr'><strong>e</strong></span> <span class='ocrx_word' id='word_1_178' title='bbox 694 2678 813 2746; x_wconf 86' lang='lat' dir='ltr'><strong>mundo</strong></span> <span class='ocrx_word' id='word_1_179' title='bbox 834 2686 945 2746; x_wconf 86' lang='lat' dir='ltr'><strong>tollere</strong></span> <span class='ocrx_word' id='word_1_180' title='bbox 972 2685 1150 2764; x_wconf 79' lang='lat' dir='ltr'><strong>rideretur,</strong></span> <span class='ocrx_word' id='word_1_181' title='bbox 1180 2687 1259 2750; x_wconf 88' lang='lat' dir='ltr'><strong>iram</strong></span> 
     </span>
     <span class='ocr_line' id='line_1_24' title="bbox 110 2781 1259 2864; baseline 0.006 -21"><span class='ocrx_word' id='word_1_182' title='bbox 110 2781 198 2844; x_wconf 75' lang='lat' dir='ltr'><strong>loris</strong></span> <span class='ocrx_word' id='word_1_183' title='bbox 220 2781 298 2844; x_wconf 88' lang='lat' dir='ltr'><strong>adeo</strong></span> <span class='ocrx_word' id='word_1_184' title='bbox 320 2781 498 2862; x_wconf 85' lang='lat' dir='ltr'><strong>suscitavit,</strong></span> <span class='ocrx_word' id='word_1_185' title='bbox 525 2797 579 2863; x_wconf 91' lang='lat' dir='ltr'><strong>ut,</strong></span> <span class='ocrx_word' id='word_1_186' title='bbox 605 2786 671 2850; x_wconf 83' lang='lat' dir='ltr'><strong>sive</strong></span> <span class='ocrx_word' id='word_1_187' title='bbox 691 2788 906 2864; x_wconf 74' lang='lat' dir='ltr'><strong>insomnino,</strong></span> <span class='ocrx_word' id='word_1_188' title='bbox 933 2806 1146 2851; x_wconf 80' lang='lat' dir='ltr'><strong>sencaussam</strong></span> <span class='ocrx_word' id='word_1_189' title='bbox 1169 2791 1259 2851; x_wconf 87' lang='lat' dir='ltr'><strong>Atrei</strong></span> 
     </span>
     <span class='ocr_line' id='line_1_25' title="bbox 112 2883 1258 2955; baseline 0.008 -9"><span class='ocrx_word' id='word_1_190' title='bbox 112 2883 297 2947; x_wconf 75' lang='lat' dir='ltr'><strong>defensurus</strong></span> <span class='ocrx_word' id='word_1_191' title='bbox 320 2897 350 2947; x_wconf 92' lang='lat' dir='ltr'><strong>et</strong></span> <span class='ocrx_word' id='word_1_192' title='bbox 370 2903 493 2948; x_wconf 84' lang='lat' dir='ltr'><strong>cursum</strong></span> <span class='ocrx_word' id='word_1_193' title='bbox 515 2888 589 2950; x_wconf 90' lang='lat' dir='ltr'><strong>solis</strong></span> <span class='ocrx_word' id='word_1_194' title='bbox 610 2885 771 2950; x_wconf 89' lang='lat' dir='ltr'><strong>inhiberet·</strong></span> <span class='ocrx_word' id='word_1_195' title='bbox 788 2901 819 2950; x_wconf 87' lang='lat' dir='ltr'><strong>et</strong></span> <span class='ocrx_word' id='word_1_196' title='bbox 837 2891 1070 2952; x_wconf 86' lang='lat' dir='ltr'><strong>conversionem</strong></span> <span class='ocrx_word' id='word_1_197' title='bbox 1089 2893 1258 2955; x_wconf 87' lang='lat' dir='ltr'><strong>stellarum.</strong></span> 
     </span>
     <span class='ocr_line' id='line_1_26' title="bbox 111 2989 1259 3077; baseline 0.004 -26"><span class='ocrx_word' id='word_1_198' title='bbox 111 2989 161 3053; x_wconf 82' lang='lat' dir='ltr'><strong>cf.</strong></span> <span class='ocrx_word' id='word_1_199' title='bbox 184 2991 384 3052; x_wconf 84' lang='lat' dir='ltr'><strong>Wslcker.</strong></span> <span class='ocrx_word' id='word_1_200' title='bbox 405 2993 459 3053; x_wconf 88' lang='lat' dir='ltr'><strong>Tr.</strong></span> <span class='ocrx_word' id='word_1_201' title='bbox 481 2993 536 3057; x_wconf 86' lang='lat' dir='ltr'><strong>Gr.</strong></span> <span class='ocrx_word' id='word_1_202' title='bbox 557 2991 594 3054; x_wconf 91' lang='lat' dir='ltr'><strong>T.</strong></span> <span class='ocrx_word' id='word_1_203' title='bbox 608 2994 631 3054; x_wconf 90' lang='lat' dir='ltr'><strong>l.</strong></span> <span class='ocrx_word' id='word_1_204' title='bbox 651 3014 684 3073; x_wconf 86' lang='lat' dir='ltr'><strong>p.</strong></span> <span class='ocrx_word' id='word_1_205' title='bbox 699 2994 789 3058; x_wconf 61' lang='lat'><strong>3584&#39;¹</strong></span> <span class='ocrx_word' id='word_1_206' title='bbox 816 2991 968 3054; x_wconf 84' lang='lat' dir='ltr'><strong>Addimus</strong></span> <span class='ocrx_word' id='word_1_207' title='bbox 989 2996 1172 3074; x_wconf 89' lang='lat' dir='ltr'><strong>Telephum,</strong></span> <span class='ocrx_word' id='word_1_208' title='bbox 1194 2997 1259 3077; x_wconf 89' lang='lat' dir='ltr'><strong>qui,</strong></span> 
     </span>
     <span class='ocr_line' id='line_1_27' title="bbox 110 3093 1258 3178; baseline 0.004 -23"><span class='ocrx_word' id='word_1_209' title='bbox 110 3093 284 3155; x_wconf 89' lang='lat' dir='ltr'><strong>miserrime</strong></span> <span class='ocrx_word' id='word_1_210' title='bbox 307 3093 440 3156; x_wconf 81' lang='lat' dir='ltr'><strong>afflictus</strong></span> <span class='ocrx_word' id='word_1_211' title='bbox 463 3094 496 3155; x_wconf 94' lang='lat' dir='ltr'><strong>in</strong></span> <span class='ocrx_word' id='word_1_212' title='bbox 519 3096 637 3177; x_wconf 87' lang='lat' dir='ltr'><strong>Mysia,</strong></span> <span class='ocrx_word' id='word_1_213' title='bbox 658 3108 786 3176; x_wconf 90' lang='lat' dir='ltr'><strong>praeter</strong></span> <span class='ocrx_word' id='word_1_214' title='bbox 806 3100 853 3172; x_wconf 82' lang='lat' dir='ltr'><strong>jus</strong></span> <span class='ocrx_word' id='word_1_215' title='bbox 876 3095 982 3178; x_wconf 88' lang='lat' dir='ltr'><strong>lasque</strong></span> <span class='ocrx_word' id='word_1_216' title='bbox 1005 3115 1135 3157; x_wconf 88' lang='lat' dir='ltr'><strong>uxorem</strong></span> <span class='ocrx_word' id='word_1_217' title='bbox 1158 3097 1258 3160; x_wconf 88' lang='lat' dir='ltr'><strong>duxit.</strong></span> 
     </span>
     <span class='ocr_line' id='line_1_28' title="bbox 110 3195 1258 3280; baseline 0.003 -22"><span class='ocrx_word' id='word_1_218' title='bbox 110 3195 177 3258; x_wconf 88' lang='lat' dir='ltr'><strong>Nec</strong></span> <span class='ocrx_word' id='word_1_219' title='bbox 196 3196 368 3258; x_wconf 82' lang='lat' dir='ltr'><strong>verisimile</strong></span> <span class='ocrx_word' id='word_1_220' title='bbox 388 3216 452 3258; x_wconf 91' lang='lat' dir='ltr'><strong>non</strong></span> <span class='ocrx_word' id='word_1_221' title='bbox 473 3209 528 3275; x_wconf 91' lang='lat' dir='ltr'><strong>est,</strong></span> <span class='ocrx_word' id='word_1_222' title='bbox 550 3207 675 3280; x_wconf 83' lang='lat' dir='ltr'><strong>poetam</strong></span> <span class='ocrx_word' id='word_1_223' title='bbox 698 3201 731 3258; x_wconf 88' lang='lat' dir='ltr'><strong>in</strong></span> <span class='ocrx_word' id='word_1_224' title='bbox 753 3200 920 3276; x_wconf 87' lang='lat' dir='ltr'><strong>amoribus,</strong></span> <span class='ocrx_word' id='word_1_225' title='bbox 941 3217 1019 3280; x_wconf 89' lang='lat' dir='ltr'><strong>quos</strong></span> <span class='ocrx_word' id='word_1_226' title='bbox 1041 3201 1175 3261; x_wconf 87' lang='lat' dir='ltr'><strong>babebat</strong></span> <span class='ocrx_word' id='word_1_227' title='bbox 1190 3201 1258 3280; x_wconf 90' lang='lat' dir='ltr'><strong>ipsa</strong></span> 
     </span>
     <span class='ocr_line' id='line_1_29' title="bbox 110 3296 1258 3386; baseline 0.004 -25"><span class='ocrx_word' id='word_1_228' title='bbox 110 3301 264 3376; x_wconf 88' lang='lat' dir='ltr'><strong>materies,</strong></span> <span class='ocrx_word' id='word_1_229' title='bbox 286 3297 479 3380; x_wconf 84' lang='lat' dir='ltr'><strong>explicandis</strong></span> <span class='ocrx_word' id='word_1_230' title='bbox 501 3301 613 3382; x_wconf 86' lang='lat' dir='ltr'><strong>cupide</strong></span> <span class='ocrx_word' id='word_1_231' title='bbox 634 3313 791 3364; x_wconf 86' lang='lat' dir='ltr'><strong>versatum</strong></span> <span class='ocrx_word' id='word_1_232' title='bbox 807 3319 890 3364; x_wconf 79' lang='lat' dir='ltr'><strong>=esse.</strong></span> <span class='ocrx_word' id='word_1_233' title='bbox 933 3296 1077 3363; x_wconf 85' lang='lat' dir='ltr'><strong>Alterum</strong></span> <span class='ocrx_word' id='word_1_234' title='bbox 1095 3315 1150 3380; x_wconf 88' lang='lat' dir='ltr'><strong>eat,</strong></span> <span class='ocrx_word' id='word_1_235' title='bbox 1173 3303 1258 3386; x_wconf 90' lang='lat' dir='ltr'><strong>quod</strong></span> 
     </span>
     <span class='ocr_line' id='line_1_30' title="bbox 110 3404 1258 3490; baseline 0.002 -24"><span class='ocrx_word' id='word_1_236' title='bbox 110 3407 161 3467; x_wconf 91' lang='lat' dir='ltr'><strong>Ilii</strong></span> <span class='ocrx_word' id='word_1_237' title='bbox 183 3404 314 3467; x_wconf 83' lang='lat' dir='ltr'><strong>Excidio</strong></span> <span class='ocrx_word' id='word_1_238' title='bbox 340 3417 464 3467; x_wconf 88' lang='lat' dir='ltr'><strong>cunctas</strong></span> <span class='ocrx_word' id='word_1_239' title='bbox 486 3427 545 3485; x_wconf 85' lang='lat' dir='ltr'><strong>rea,</strong></span> <span class='ocrx_word' id='word_1_240' title='bbox 568 3430 647 3490; x_wconf 91' lang='lat' dir='ltr'><strong>quae</strong></span> <span class='ocrx_word' id='word_1_241' title='bbox 669 3410 702 3470; x_wconf 92' lang='lat' dir='ltr'><strong>in</strong></span> <span class='ocrx_word' id='word_1_242' title='bbox 724 3407 972 3490; x_wconf 57' lang='lat' dir='ltr'><strong>epico·⁴cat·mine</strong></span> <span class='ocrx_word' id='word_1_243' title='bbox 994 3417 1137 3467; x_wconf 88' lang='lat' dir='ltr'><strong>narratae</strong></span> <span class='ocrx_word' id='word_1_244' title='bbox 1160 3419 1258 3484; x_wconf 89' lang='lat' dir='ltr'><strong>erant,</strong></span> 
     </span>
     <span class='ocr_line' id='line_1_31' title="bbox 111 3507 1259 3593; baseline 0.003 -24"><span class='ocrx_word' id='word_1_245' title='bbox 111 3509 204 3570; x_wconf 89' lang='lat' dir='ltr'><strong>unius</strong></span> <span class='ocrx_word' id='word_1_246' title='bbox 216 3507 394 3588; x_wconf 82' lang='lat' dir='ltr'><strong>tragoediae</strong></span> <span class='ocrx_word' id='word_1_247' title='bbox 407 3508 521 3573; x_wconf 86' lang='lat' dir='ltr'><strong>finibus</strong></span> <span class='ocrx_word' id='word_1_248' title='bbox 538 3509 783 3591; x_wconf 85' lang='lat' dir='ltr'><strong>comprehendit.</strong></span> <span class='ocrx_word' id='word_1_249' title='bbox 828 3511 908 3572; x_wconf 88' lang='lat' dir='ltr'><strong>Huic</strong></span> <span class='ocrx_word' id='word_1_250' title='bbox 924 3510 1022 3590; x_wconf 79' lang='lat' dir='ltr'><strong>igitur</strong></span> <span class='ocrx_word' id='word_1_251' title='bbox 1036 3508 1156 3588; x_wconf 89' lang='lat' dir='ltr'><strong>accidit,</strong></span> <span class='ocrx_word' id='word_1_252' title='bbox 1173 3511 1259 3593; x_wconf 89' lang='lat' dir='ltr'><strong>quod</strong></span> 
     </span>
     <span class='ocr_line' id='line_1_32' title="bbox 111 3612 1258 3695; baseline 0.003 -22"><span class='ocrx_word' id='word_1_253' title='bbox 111 3613 227 3680; x_wconf 88' lang='lat' dir='ltr'><strong>nostris</strong></span> <span class='ocrx_word' id='word_1_254' title='bbox 249 3613 428 3680; x_wconf 85' lang='lat' dir='ltr'><strong>bominibus</strong></span> <span class='ocrx_word' id='word_1_255' title='bbox 449 3631 673 3694; x_wconf 84' lang='lat' dir='ltr'><strong>saepenumero</strong></span> <span class='ocrx_word' id='word_1_256' title='bbox 696 3613 862 3676; x_wconf 82' lang='lat' dir='ltr'><strong>usuvenire</strong></span> <span class='ocrx_word' id='word_1_257' title='bbox 885 3613 975 3688; x_wconf 89' lang='lat' dir='ltr'><strong>solet,</strong></span> <span class='ocrx_word' id='word_1_258' title='bbox 995 3613 1050 3695; x_wconf 88' lang='lat' dir='ltr'><strong>qui</strong></span> <span class='ocrx_word' id='word_1_259' title='bbox 1072 3612 1190 3676; x_wconf 89' lang='lat' dir='ltr'><strong>animos</strong></span> <span class='ocrx_word' id='word_1_260' title='bbox 1214 3616 1258 3676; x_wconf 91' lang='lat' dir='ltr'><strong>le-</strong></span> 
     </span>
     <span class='ocr_line' id='line_1_33' title="bbox 111 3715 1258 3798; baseline 0 -22"><span class='ocrx_word' id='word_1_261' title='bbox 111 3715 267 3794; x_wconf 83' lang='lat' dir='ltr'><strong>gentium,</strong></span> <span class='ocrx_word' id='word_1_262' title='bbox 293 3727 347 3777; x_wconf 90' lang='lat' dir='ltr'><strong>aut</strong></span> <span class='ocrx_word' id='word_1_263' title='bbox 370 3719 592 3797; x_wconf 88' lang='lat' dir='ltr'><strong>spectantium,</strong></span> <span class='ocrx_word' id='word_1_264' title='bbox 616 3737 686 3780; x_wconf 87' lang='lat' dir='ltr'><strong>cum</strong></span> <span class='ocrx_word' id='word_1_265' title='bbox 708 3717 803 3779; x_wconf 89' lang='lat' dir='ltr'><strong>rectis</strong></span> <span class='ocrx_word' id='word_1_266' title='bbox 822 3715 1006 3798; x_wconf 89' lang='lat' dir='ltr'><strong>idoneisque</strong></span> <span class='ocrx_word' id='word_1_267' title='bbox 1027 3716 1145 3779; x_wconf 89' lang='lat' dir='ltr'><strong>artibus</strong></span> <span class='ocrx_word' id='word_1_268' title='bbox 1167 3717 1258 3797; x_wconf 89' lang='lat' dir='ltr'><strong>pelli-</strong></span> 
     </span>
     <span class='ocr_line' id='line_1_34' title="bbox 111 3818 1257 3900; baseline -0.002 -22"><span class='ocrx_word' id='word_1_269' title='bbox 111 3837 182 3878; x_wconf 87' lang='lat' dir='ltr'><strong>cere</strong></span> <span class='ocrx_word' id='word_1_270' title='bbox 202 3831 371 3900; x_wconf 87' lang='lat' dir='ltr'><strong>nequeant,</strong></span> <span class='ocrx_word' id='word_1_271' title='bbox 394 3819 594 3882; x_wconf 89' lang='lat' dir='ltr'><strong>mnltitudine</strong></span> <span class='ocrx_word' id='word_1_272' title='bbox 613 3837 719 3882; x_wconf 87' lang='lat' dir='ltr'><strong>rerum</strong></span> <span class='ocrx_word' id='word_1_273' title='bbox 742 3821 854 3882; x_wconf 86' lang='lat' dir='ltr'><strong>satiare</strong></span> <span class='ocrx_word' id='word_1_274' title='bbox 874 3831 1035 3881; x_wconf 88' lang='lat' dir='ltr'><strong>conantur.</strong></span> <span class='ocrx_word' id='word_1_275' title='bbox 1079 3821 1182 3900; x_wconf 85' lang='lat' dir='ltr'><strong>Atque</strong></span> <span class='ocrx_word' id='word_1_276' title='bbox 1199 3818 1257 3878; x_wconf 91' lang='lat' dir='ltr'><strong>hoc</strong></span> 
     </span>
     <span class='ocr_line' id='line_1_35' title="bbox 111 3921 1257 4008; baseline -0.004 -25"><span class='ocrx_word' id='word_1_277' title='bbox 111 3922 215 4003; x_wconf 90' lang='lat' dir='ltr'><strong>ipsum</strong></span> <span class='ocrx_word' id='word_1_278' title='bbox 232 3924 346 4002; x_wconf 82' lang='lat' dir='ltr'><strong>vulgus</strong></span> <span class='ocrx_word' id='word_1_279' title='bbox 366 3925 484 4008; x_wconf 87' lang='lat' dir='ltr'><strong>ubique</strong></span> <span class='ocrx_word' id='word_1_280' title='bbox 508 3931 664 3988; x_wconf 87' lang='lat' dir='ltr'><strong>terrarum</strong></span> <span class='ocrx_word' id='word_1_281' title='bbox 686 3925 817 4006; x_wconf 85' lang='lat' dir='ltr'><strong>expetit,</strong></span> <span class='ocrx_word' id='word_1_282' title='bbox 839 3937 883 4002; x_wconf 91' lang='lat' dir='ltr'><strong>ut,</strong></span> <span class='ocrx_word' id='word_1_283' title='bbox 906 3926 979 4008; x_wconf 89' lang='lat' dir='ltr'><strong>quia</strong></span> <span class='ocrx_word' id='word_1_284' title='bbox 999 3923 1054 3985; x_wconf 87' lang='lat' dir='ltr'><strong>alii</strong></span> <span class='ocrx_word' id='word_1_285' title='bbox 1075 3923 1143 3983; x_wconf 87' lang='lat' dir='ltr'><strong>aliis</strong></span> <span class='ocrx_word' id='word_1_286' title='bbox 1163 3921 1257 3980; x_wconf 87' lang='lat' dir='ltr'><strong>rebus</strong></span> 
     </span>
     <span class='ocr_line' id='line_1_36' title="bbox 111 4021 1256 4112; baseline -0.004 -24"><span class='ocrx_word' id='word_1_287' title='bbox 111 4027 393 4109; x_wconf 82' lang='lat' dir='ltr'><strong>tenentur-aliique</strong></span> <span class='ocrx_word' id='word_1_288' title='bbox 411 4040 625 4107; x_wconf 85' lang='lat' dir='ltr'><strong>contemnunt,</strong></span> <span class='ocrx_word' id='word_1_289' title='bbox 648 4029 733 4112; x_wconf 88' lang='lat' dir='ltr'><strong>quod</strong></span> <span class='ocrx_word' id='word_1_290' title='bbox 748 4026 801 4090; x_wconf 89' lang='lat' dir='ltr'><strong>alii</strong></span> <span class='ocrx_word' id='word_1_291' title='bbox 818 4029 850 4088; x_wconf 91' lang='lat' dir='ltr'><strong>in</strong></span> <span class='ocrx_word' id='word_1_292' title='bbox 869 4028 986 4090; x_wconf 89' lang='lat' dir='ltr'><strong>deliciis</strong></span> <span class='ocrx_word' id='word_1_293' title='bbox 1006 4036 1136 4108; x_wconf 88' lang='lat' dir='ltr'><strong>ponunt,</strong></span> <span class='ocrx_word' id='word_1_294' title='bbox 1158 4021 1256 4082; x_wconf 84' lang='lat' dir='ltr'><strong>multa</strong></span> 
     </span>
     <span class='ocr_line' id='line_1_37' title="bbox 111 4123 1256 4214; baseline -0.006 -24"><span class='ocrx_word' id='word_1_295' title='bbox 111 4129 342 4210; x_wconf 78' lang='lat' dir='ltr'><strong>proponantur,</strong></span> <span class='ocrx_word' id='word_1_296' title='bbox 367 4130 520 4212; x_wconf 88' lang='lat' dir='ltr'><strong>equibus</strong></span> <span class='ocrx_word' id='word_1_297' title='bbox 541 4131 764 4214; x_wconf 88' lang='lat' dir='ltr'><strong>unusquisque,</strong></span> <span class='ocrx_word' id='word_1_298' title='bbox 790 4127 874 4214; x_wconf 92' lang='lat' dir='ltr'><strong>quod</strong></span> <span class='ocrx_word' id='word_1_299' title='bbox 890 4130 950 4210; x_wconf 91' lang='lat' dir='ltr'><strong>ipsi</strong></span> <span class='ocrx_word' id='word_1_300' title='bbox 966 4130 1096 4208; x_wconf 88' lang='lat' dir='ltr'><strong>placeat,</strong></span> <span class='ocrx_word' id='word_1_301' title='bbox 1121 4123 1256 4202; x_wconf 83' lang='lat' dir='ltr'><strong>deligere</strong></span> 
     </span>
     <span class='ocr_line' id='line_1_38' title="bbox 109 4225 1366 4314; baseline -0.005 -21"><span class='ocrx_word' id='word_1_302' title='bbox 109 4232 221 4312; x_wconf 87' lang='lat' dir='ltr'><strong>possit.</strong></span> <span class='ocrx_word' id='word_1_303' title='bbox 262 4233 309 4296; x_wconf 89' lang='lat' dir='ltr'><strong>Ut</strong></span> <span class='ocrx_word' id='word_1_304' title='bbox 332 4234 476 4314; x_wconf 89' lang='lat' dir='ltr'><strong>apposite</strong></span> <span class='ocrx_word' id='word_1_305' title='bbox 498 4232 713 4312; x_wconf 87' lang='lat' dir='ltr'><strong>Goethins,</strong></span> <span class='ocrx_word' id='word_1_306' title='bbox 744 4253 813 4296; x_wconf 87' lang='lat' dir='ltr'><strong>cum</strong></span> <span class='ocrx_word' id='word_1_307' title='bbox 838 4230 1012 4313; x_wconf 87' lang='lat' dir='ltr'><strong>praesidem</strong></span> <span class='ocrx_word' id='word_1_308' title='bbox 1038 4225 1155 4289; x_wconf 89' lang='lat' dir='ltr'><strong>theatri</strong></span> <span class='ocrx_word' id='word_1_309' title='bbox 1182 4227 1256 4287; x_wconf 92' lang='lat' dir='ltr'><strong>haec</strong></span> <span class='ocrx_word' id='word_1_310' title='bbox 1361 4258 1366 4266; x_wconf 78' lang='lat'><strong>,</strong></span> 
     </span>
     <span class='ocr_line' id='line_1_39' title="bbox 111 4335 1224 4419; baseline 0.004 -24"><span class='ocrx_word' id='word_1_311' title='bbox 111 4336 294 4419; x_wconf 86' lang='lat' dir='ltr'><strong>loquentem</strong></span> <span class='ocrx_word' id='word_1_312' title='bbox 316 4335 505 4400; x_wconf 86' lang='lat' dir='ltr'><strong>introducit:</strong></span> <span class='ocrx_word' id='word_1_313' title='bbox 1220 4343 1224 4356; x_wconf 93' lang='grc'><strong>’</strong></span> 
     </span>
    </p>

    <p class='ocr_par' dir='ltr' id='par_1_4' title="bbox 197 4437 882 4518">
     <span class='ocr_line' id='line_1_40' title="bbox 197 4437 882 4518; baseline -0.003 -19"><span class='ocrx_word' id='word_1_314' title='bbox 197 4437 375 4502; x_wconf 85' lang='lat' dir='ltr'><strong>Besonders</strong></span> <span class='ocrx_word' id='word_1_315' title='bbox 388 4443 472 4504; x_wconf 80' lang='lat' dir='ltr'><strong>aher</strong></span> <span class='ocrx_word' id='word_1_316' title='bbox 493 4439 568 4502; x_wconf 89' lang='lat' dir='ltr'><strong>lasst</strong></span> <span class='ocrx_word' id='word_1_317' title='bbox 592 4459 692 4518; x_wconf 79' lang='lat' dir='ltr'><strong>genug</strong></span> <span class='ocrx_word' id='word_1_318' title='bbox 714 4438 882 4518; x_wconf 81' lang='lat' dir='ltr'><strong>gesebshn3</strong></span> 
     </span>
    </p>
   </div>
   <div class='ocr_carea' id='block_1_3' title="bbox 928 4554 963 4613">
    <p class='ocr_par' dir='ltr' id='par_1_5' title="bbox 928 4554 963 4613">
     <span class='ocr_line' id='line_1_41' title="bbox 928 4554 963 4613; baseline 0 0"><span class='ocrx_word' id='word_1_319' title='bbox 928 4554 963 4613; x_wconf 89' lang='lat' dir='ltr'><strong>li</strong></span> 
     </span>
    </p>
   </div>
   <div class='ocr_carea' id='block_1_4' title="bbox 0 0 1542 4998">
    <p class='ocr_par' dir='ltr' id='par_1_6' title="bbox 0 0 1542 4998">
     <span class='ocr_line' id='line_1_42' title="bbox 0 0 1542 4998; baseline 0 1"><span class='ocrx_word' id='word_1_320' title='bbox 0 0 1542 4998; x_wconf 95' lang='lat' dir='ltr'><strong> </strong></span> 
     </span>
    </p>
   </div>
  </div>
 </body>
</html>
