3060 5000
668 295 742 364 327

215 475 495 540 Timesitheun.
539 472 651 538 Suidos
672 497 697 538 s.
712 497 742 540 v.
772 473 982 560 Τιμησίθεος
1002 473 1169 562 τραγικός.
1188 473 1270 563 δραί-

128 605 224 664 ματα
243 572 355 648 αιίτσῦ
372 575 538 652 Δαναΐδες
557 575 604 660 β’,
619 571 788 662 Ἕκτορος
809 575 927 661 λύτρα,
948 571 1132 663 Ἡρακλῆς,
1151 572 1270 660 Ἰξίων,

129 677 341 760 Καισανειίς,
375 681 529 763 Μέμνων
536 729 548 760 ,
582 681 800 767 Μνηστηρες,
832 674 949 766 Ζηνὸς
979 683 1096 767 γοναί,
1129 677 1272 770 Ἑλένης

129 779 332 868 σῖτιαίτησις,
358 777 537 866 Ὀρέστης,
568 775 747 866 Πυλάδης,
778 779 921 866 Κάστωρ
945 783 1000 850 καί
1023 780 1270 871 Πωλνιλσιίντης.

128 889 194 951 Ubi
219 886 452 949 Meinekiun
474 883 556 945 Hist.
579 881 658 945 Crit.
678 906 710 965 p.
729 889 790 950 391
819 889 898 948 bene
919 881 1062 963 Ἑλένης
1082 890 1272 974 μνηστῆρες

131 1003 163 1052 et
185 989 346 1075 Ὀρέστης
372 989 426 1054 ναί
456 981 616 1070 Πυλάδης
644 988 762 1051 refecit.
805 987 867 1052 Sed
896 1010 937 1050 ex
964 985 1069 1049 indole
1097 989 1272 1052 fabularum

128 1079 312 1172 colligimus,
330 1099 469 1172 poetam,
488 1088 527 1152 de
546 1109 610 1173 quo
628 1111 693 1153 non
707 1092 769 1154 elis
782 1104 983 1154 monumenta
996 1091 1179 1174 loquuntur,
1202 1108 1273 1175 post

130 1195 313 1277 Euripidem
344 1194 452 1277 paullo
481 1195 659 1259 floruisse·
675 1195 854 1278 Nouoque
843 1217 877 1256 ιιι
902 1195 962 1256 lroc
983 1205 1106 1275 tempus
1128 1197 1273 1276 inprimis

129 1293 315 1380 Ἡρακλῆς,
332 1294 452 1380 Ἰξίων,
473 1295 676 1379 Καπανεύς,
697 1295 811 1384 Ζηνὸς
831 1293 929 1383 ηόναι
951 1297 1151 1361 conveniunt.
1193 1299 1271 1362 Cum

129 1413 313 1480 argumenta
336 1401 517 1464 exornanda
539 1403 599 1464 sibi
620 1401 788 1484 deligeret,
809 1399 990 1483 Euripidem
1011 1403 1112 1463 solum
1134 1402 1272 1468 imitatus

129 1515 269 1581 nonest,
291 1502 345 1566 sed
367 1505 480 1584 parlim
504 1504 578 1568 telin
600 1505 741 1587 sumpsit,
763 1525 844 1587 quse
862 1504 962 1567 cuncti
980 1505 1138 1588 principes
1159 1520 1272 1573 tracte·

130 1617 252 1684 verunt,
275 1616 310 1667 ut
333 1606 485 1688 Ixionem,
506 1610 621 1691 partim
644 1631 690 1689 ee,
715 1609 749 1670 in
770 1608 895 1690 quibus,
916 1617 951 1668 ut
972 1607 1005 1667 in
1021 1603 1191 1696 Ἕκτορος
1212 1610 1271 1680 lu'-

130 1735 226 1794 τροις
247 1720 282 1772 et.
302 1713 482 1790 Δαναΐσιν,
504 1713 692 1796 Aeschylum
713 1722 839 1792 poteret
862 1708 1051 1790 exprimere.

130 1847 408 1866 ...d-..m-l--Q-

129 1947 180 1981 nus
197 1927 376 1997 vituperatum
396 1927 493 2022 Furius
511 1936 600 1984 nutem
619 1927 764 2004 displicuit,
785 1927 885 2000 quod
877 1947 905 1982 ιιι
928 1930 1046 1984 carmine
1065 1925 1098 1984 d'e
1117 1928 1188 1984 bello
1203 1923 1272 1988 Gal-

130 2016 186 2071 lico
204 2035 311 2070 versum

310 2106 418 2178 Jupiter
433 2105 559 2161 hibernes
582 2101 648 2162 caua
667 2108 727 2162 nive
744 2106 869 2179 conspuit
886 2105 1009 2180 Alpes
1035 2115 1037 2122 '
1085 2118 1087 2126 '
1130 2103 1151 2112 ”
1229 2111 1232 2118 ’

132 2195 274 2250 effuderat.
300 2192 381 2249 Vide
408 2193 499 2250 Schol.
521 2191 555 2250 ed
579 2195 672 2251 Horat.
696 2195 714 2251 l.
732 2196 750 2250 l.
791 2195 885 2282 Quint,
908 2197 970 2252 lnst.
995 2197 1071 2296 Orat.
1093 2199 1164 2286 Vlll,
1183 2205 1208 2268 6,
1228 2203 1271 2258 tt

129 2285 226 2374 Voss.
245 2285 278 2338 de
297 2283 373 2338 Post.
390 2283 476 2339 Latin.
495 2305 521 2357 p.
533 2287 574 2340 15.
