<?xml version="1.0" encoding="UTF-8"?>
<!DOCTYPE html PUBLIC "-//W3C//DTD XHTML 1.0 Transitional//EN"
    "http://www.w3.org/TR/xhtml1/DTD/xhtml1-transitional.dtd">
<html xmlns="http://www.w3.org/1999/xhtml" xml:lang="en" lang="en">
 <head>
  <title>
</title>
<meta http-equiv="Content-Type" content="text/html;charset=utf-8" />
  <meta name='ocr-system' content='tesseract 3.04.00' />
  <meta name='ocr-capabilities' content='ocr_page ocr_carea ocr_par ocr_line ocrx_word'/>
</head>
<body>
  <div class='ocr_page' id='page_1' title='image "./historiacritica01kaysgoog_0518.png"; bbox 0 0 3072 5012; ppageno 0'>
   <div class='ocr_carea' id='block_1_1' title="bbox 281 311 356 390">
    <p class='ocr_par' dir='ltr' id='par_1_1' title="bbox 281 311 356 390">
     <span class='ocr_line' id='line_1_1' title="bbox 281 311 356 390; baseline 0.027 -2"><span class='ocrx_word' id='word_1_1' title='bbox 281 311 356 390; x_wconf 79' lang='lat'><strong>134</strong></span> 
     </span>
    </p>
   </div>
   <div class='ocr_carea' id='block_1_2' title="bbox 269 491 1436 3358">
    <p class='ocr_par' dir='ltr' id='par_1_2' title="bbox 271 491 1436 2076">
     <span class='ocr_line' id='line_1_2' title="bbox 279 491 1431 587; baseline -0.003 -23"><span class='ocrx_word' id='word_1_2' title='bbox 279 517 327 564; x_wconf 86' lang='lat' dir='ltr'><strong>ea</strong></span> <span class='ocrx_word' id='word_1_3' title='bbox 348 517 446 564; x_wconf 87' lang='lat' dir='ltr'><strong>vero</strong></span> <span class='ocrx_word' id='word_1_4' title='bbox 469 491 695 586; x_wconf 80' lang='lat' dir='ltr'><strong>parteNili,</strong></span> <span class='ocrx_word' id='word_1_5' title='bbox 715 515 815 586; x_wconf 86' lang='lat' dir='ltr'><strong>quac</strong></span> <span class='ocrx_word' id='word_1_6' title='bbox 836 492 1297 587; x_wconf 84' lang='lat' dir='ltr'><strong>sapraSyrtesmajores</strong></span> <span class='ocrx_word' id='word_1_7' title='bbox 1313 495 1431 562; x_wconf 81' lang='lat' dir='ltr'><strong>Ocea·</strong></span> 
     </span>
     <span class='ocr_line' id='line_1_3' title="bbox 278 595 1432 694; baseline -0.003 -23"><span class='ocrx_word' id='word_1_8' title='bbox 278 625 452 694; x_wconf 87' lang='lat' dir='ltr'><strong>nomque</strong></span> <span class='ocrx_word' id='word_1_9' title='bbox 487 601 756 670; x_wconf 84' lang='lat' dir='ltr'><strong>meridianum</strong></span> <span class='ocrx_word' id='word_1_10' title='bbox 788 600 1065 692; x_wconf 67' lang='lat' dir='ltr'><strong>protenditur,</strong></span> <span class='ocrx_word' id='word_1_11' title='bbox 1096 595 1249 670; x_wconf 82' lang='lat' dir='ltr'><strong>Dalion·</strong></span> <span class='ocrx_word' id='word_1_12' title='bbox 1272 609 1432 670; x_wconf 87' lang='lat' dir='ltr'><strong>vocatos</strong></span> 
     </span>
     <span class='ocr_line' id='line_1_4' title="bbox 280 703 1434 799; baseline -0.003 -21"><span class='ocrx_word' id='word_1_13' title='bbox 280 731 369 778; x_wconf 86' lang='lat' dir='ltr'><strong>esse</strong></span> <span class='ocrx_word' id='word_1_14' title='bbox 403 708 516 790; x_wconf 90' lang='lat' dir='ltr'><strong>dicit,</strong></span> <span class='ocrx_word' id='word_1_15' title='bbox 552 708 692 799; x_wconf 85' lang='lat' dir='ltr'><strong>pluvia</strong></span> <span class='ocrx_word' id='word_1_16' title='bbox 725 716 878 779; x_wconf 89' lang='lat' dir='ltr'><strong>tantum</strong></span> <span class='ocrx_word' id='word_1_17' title='bbox 911 729 1013 797; x_wconf 87' lang='lat' dir='ltr'><strong>aqua</strong></span> <span class='ocrx_word' id='word_1_18' title='bbox 1046 703 1225 791; x_wconf 88' lang='lat' dir='ltr'><strong>ute&#39;ntcs,</strong></span> <span class='ocrx_word' id='word_1_19' title='bbox 1258 710 1434 790; x_wconf 84' lang='lat' dir='ltr'><strong>Cisoros,</strong></span> 
     </span>
     <span class='ocr_line' id='line_1_5' title="bbox 277 809 1435 905; baseline 0 -23"><span class='ocrx_word' id='word_1_20' title='bbox 277 814 579 905; x_wconf 85' lang='lat' dir='ltr'><strong>Longo·poros.&#39;’</strong></span> <span class='ocrx_word' id='word_1_21' title='bbox 623 813 672 882; x_wconf 83' lang='lat' dir='ltr'><strong>Ab</strong></span> <span class='ocrx_word' id='word_1_22' title='bbox 701 809 817 880; x_wconf 85' lang='lat' dir='ltr'><strong>eodem</strong></span> <span class='ocrx_word' id='word_1_23' title='bbox 845 815 878 880; x_wconf 89' lang='lat' dir='ltr'><strong>in</strong></span> <span class='ocrx_word' id='word_1_24' title='bbox 899 811 1044 880; x_wconf 85' lang='lat' dir='ltr'><strong>Elencho</strong></span> <span class='ocrx_word' id='word_1_25' title='bbox 1063 813 1246 884; x_wconf 70' lang='lat' dir='ltr'><strong>auooaun</strong></span> <span class='ocrx_word' id='word_1_26' title='bbox 1271 813 1345 884; x_wconf 81' lang='lat' dir='ltr'>libri</span> <span class='ocrx_word' id='word_1_27' title='bbox 1364 813 1435 896; x_wconf 89' lang='lat' dir='ltr'><strong>XX,</strong></span> 
     </span>
     <span class='ocr_line' id='line_1_6' title="bbox 277 914 1434 1012; baseline -0.002 -24"><span class='ocrx_word' id='word_1_28' title='bbox 277 919 370 1003; x_wconf 84' lang='lat' dir='ltr'>XXI,</span> <span class='ocrx_word' id='word_1_29' title='bbox 391 914 496 1003; x_wconf 89' lang='lat' dir='ltr'>XXII,</span> <span class='ocrx_word' id='word_1_30' title='bbox 519 919 638 1004; x_wconf 83' lang='lat' dir='ltr'>XXIII,</span> <span class='ocrx_word' id='word_1_31' title='bbox 659 919 779 990; x_wconf 89' lang='lat' dir='ltr'><strong>Dalion</strong></span> <span class='ocrx_word' id='word_1_32' title='bbox 798 921 883 987; x_wconf 91' lang='lat' dir='ltr'><strong>inter</strong></span> <span class='ocrx_word' id='word_1_33' title='bbox 909 919 1056 988; x_wconf 88' lang='lat' dir='ltr'><strong>medicos</strong></span> <span class='ocrx_word' id='word_1_34' title='bbox 1080 919 1253 1012; x_wconf 70' lang='lat' dir='ltr'><strong>reponitur.</strong></span> <span class='ocrx_word' id='word_1_35' title='bbox 1299 920 1344 988; x_wconf 81' lang='lat' dir='ltr'><strong>Et</strong></span> <span class='ocrx_word' id='word_1_36' title='bbox 1362 921 1434 988; x_wconf 90' lang='lat' dir='ltr'><strong>libro</strong></span> 
     </span>
     <span class='ocr_line' id='line_1_7' title="bbox 277 1022 1436 1110; baseline 0.001 -15"><span class='ocrx_word' id='word_1_37' title='bbox 277 1022 357 1110; x_wconf 89' lang='lat' dir='ltr'><strong>XX,</strong></span> <span class='ocrx_word' id='word_1_38' title='bbox 374 1029 413 1094; x_wconf 74' lang='lat'><strong>17</strong></span> <span class='ocrx_word' id='word_1_39' title='bbox 435 1026 647 1096; x_wconf 77' lang='lat' dir='ltr'><strong>herbarius</strong></span> <span class='ocrx_word' id='word_1_40' title='bbox 669 1037 813 1094; x_wconf 88' lang='lat' dir='ltr'><strong>vocatur.</strong></span> <span class='ocrx_word' id='word_1_41' title='bbox 856 1026 1123 1107; x_wconf 87' lang='lat' dir='ltr'><strong>‚,Putoeundem</strong></span> <span class='ocrx_word' id='word_1_42' title='bbox 1138 1049 1218 1096; x_wconf 84' lang='lat' dir='ltr'><strong>esse.</strong></span> <span class='ocrx_word' id='word_1_43' title='bbox 1261 1029 1436 1098; x_wconf 87' lang='lat' dir='ltr'><strong>Necenim</strong></span> 
     </span>
     <span class='ocr_line' id='line_1_8' title="bbox 277 1131 1436 1226; baseline -0.001 -26"><span class='ocrx_word' id='word_1_44' title='bbox 277 1133 425 1226; x_wconf 78' lang='lat' dir='ltr'><strong>prothe&#39;t</strong></span> <span class='ocrx_word' id='word_1_45' title='bbox 449 1134 647 1226; x_wconf 60' lang='lat' dir='ltr'><strong>quidquam,</strong></span> <span class='ocrx_word' id='word_1_46' title='bbox 678 1135 853 1224; x_wconf 70' lang='lat' dir='ltr'><strong>mmmmm</strong></span> <span class='ocrx_word' id='word_1_47' title='bbox 888 1133 975 1200; x_wconf 88' lang='lat' dir='ltr'><strong>idem</strong></span> <span class='ocrx_word' id='word_1_48' title='bbox 1008 1142 1041 1200; x_wconf 92' lang='lat' dir='ltr'><strong>et</strong></span> <span class='ocrx_word' id='word_1_49' title='bbox 1072 1131 1189 1202; x_wconf 82' lang='lat' dir='ltr'><strong>herbas</strong></span> <span class='ocrx_word' id='word_1_50' title='bbox 1221 1134 1378 1202; x_wconf 87' lang='lat' dir='ltr'><strong>tractaret</strong></span> <span class='ocrx_word' id='word_1_51' title='bbox 1408 1142 1436 1202; x_wconf 86' lang='lat' dir='ltr'><strong>et</strong></span> 
     </span>
     <span class='ocr_line' id='line_1_9' title="bbox 278 1235 1436 1334; baseline 0 -26"><span class='ocrx_word' id='word_1_52' title='bbox 278 1242 369 1329; x_wconf 88' lang='lat' dir='ltr'><strong>operi</strong></span> <span class='ocrx_word' id='word_1_53' title='bbox 389 1240 486 1334; x_wconf 73' lang='lat' dir='ltr'><strong>hujus</strong></span> <span class='ocrx_word' id='word_1_54' title='bbox 511 1240 566 1307; x_wconf 85' lang='lat' dir='ltr'><strong>vel</strong></span> <span class='ocrx_word' id='word_1_55' title='bbox 583 1240 728 1306; x_wconf 69' lang='lat' dir='ltr'><strong>‘alterius</strong></span> <span class='ocrx_word' id='word_1_56' title='bbox 755 1241 937 1330; x_wconf 79' lang='lat' dir='ltr'><strong>argamrenti</strong></span> <span class='ocrx_word' id='word_1_57' title='bbox 966 1235 1125 1330; x_wconf 87' lang='lat' dir='ltr'><strong>quaedam</strong></span> <span class='ocrx_word' id='word_1_58' title='bbox 1152 1240 1192 1308; x_wconf 88' lang='lat' dir='ltr'><strong>de</strong></span> <span class='ocrx_word' id='word_1_59' title='bbox 1214 1241 1366 1331; x_wconf 84' lang='lat' dir='ltr'><strong>gentibus</strong></span> <span class='ocrx_word' id='word_1_60' title='bbox 1385 1240 1436 1308; x_wconf 90' lang='lat' dir='ltr'><strong>ad·</strong></span> 
     </span>
     <span class='ocr_line' id='line_1_10' title="bbox 277 1345 1434 1438; baseline 0.001 -26"><span class='ocrx_word' id='word_1_61' title='bbox 277 1347 443 1429; x_wconf 85' lang='lat' dir='ltr'><strong>misceret,</strong></span> <span class='ocrx_word' id='word_1_62' title='bbox 472 1345 526 1414; x_wconf 86' lang='lat' dir='ltr'><strong>vel</strong></span> <span class='ocrx_word' id='word_1_63' title='bbox 558 1348 694 1414; x_wconf 80' lang='lat' dir='ltr'><strong>seorsim</strong></span> <span class='ocrx_word' id='word_1_64' title='bbox 727 1345 824 1414; x_wconf 87' lang='lat' dir='ltr'><strong>etiam</strong></span> <span class='ocrx_word' id='word_1_65' title='bbox 851 1345 892 1414; x_wconf 90' lang='lat' dir='ltr'><strong>de</strong></span> <span class='ocrx_word' id='word_1_66' title='bbox 923 1345 961 1412; x_wconf 90' lang='lat' dir='ltr'><strong>iis</strong></span> <span class='ocrx_word' id='word_1_67' title='bbox 989 1351 1135 1438; x_wconf 82' lang='lat' dir='ltr'><strong>ageret.”</strong></span> <span class='ocrx_word' id='word_1_68' title='bbox 1182 1348 1213 1414; x_wconf 88' lang='lat' dir='ltr'><strong>J.</strong></span> <span class='ocrx_word' id='word_1_69' title='bbox 1246 1346 1325 1416; x_wconf 85' lang='lat' dir='ltr'><strong>Ger.</strong></span> <span class='ocrx_word' id='word_1_70' title='bbox 1347 1349 1434 1417; x_wconf 82' lang='lat' dir='ltr'><strong>Voss.</strong></span> 
     </span>
     <span class='ocr_line' id='line_1_11' title="bbox 278 1451 1436 1543; baseline 0.002 -25"><span class='ocrx_word' id='word_1_71' title='bbox 278 1451 360 1519; x_wconf 89' lang='lat' dir='ltr'><strong>Hist.</strong></span> <span class='ocrx_word' id='word_1_72' title='bbox 374 1452 498 1526; x_wconf 81' lang='lat' dir='ltr'><strong>Graec.</strong></span> <span class='ocrx_word' id='word_1_73' title='bbox 522 1452 570 1536; x_wconf 92' lang='lat' dir='ltr'>III,</span> <span class='ocrx_word' id='word_1_74' title='bbox 592 1477 622 1543; x_wconf 87' lang='lat' dir='ltr'><strong>p.</strong></span> <span class='ocrx_word' id='word_1_75' title='bbox 635 1454 708 1519; x_wconf 78' lang='lat'><strong>850.</strong></span> <span class='ocrx_word' id='word_1_76' title='bbox 731 1489 777 1503; x_wconf 89' lang='lat'><strong>-·</strong></span> <span class='ocrx_word' id='word_1_77' title='bbox 795 1452 921 1519; x_wconf 83' lang='lat' dir='ltr'><strong>Tauron</strong></span> <span class='ocrx_word' id='word_1_78' title='bbox 953 1452 1079 1520; x_wconf 90' lang='lat' dir='ltr'><strong>silentio</strong></span> <span class='ocrx_word' id='word_1_79' title='bbox 1101 1471 1168 1520; x_wconf 89' lang='lat' dir='ltr'><strong>non</strong></span> <span class='ocrx_word' id='word_1_80' title='bbox 1187 1457 1436 1542; x_wconf 75' lang='lat' dir='ltr'><strong>praetermittam</strong></span> 
     </span>
     <span class='ocr_line' id='line_1_12' title="bbox 277 1557 1435 1651; baseline 0.002 -25"><span class='ocrx_word' id='word_1_81' title='bbox 277 1557 388 1626; x_wconf 84' lang='lat' dir='ltr'><strong>Iocum</strong></span> <span class='ocrx_word' id='word_1_82' title='bbox 402 1560 646 1626; x_wconf 72' lang='lat' dir='ltr'><strong>versatissimum</strong></span> <span class='ocrx_word' id='word_1_83' title='bbox 660 1560 824 1651; x_wconf 60' lang='lat' dir='ltr'><strong>pendam</strong></span> <span class='ocrx_word' id='word_1_84' title='bbox 838 1557 1006 1649; x_wconf 84' lang='lat' dir='ltr'><strong>Propertii.</strong></span> <span class='ocrx_word' id='word_1_85' title='bbox 1045 1557 1130 1626; x_wconf 89' lang='lat' dir='ltr'><strong>Dico</strong></span> <span class='ocrx_word' id='word_1_86' title='bbox 1142 1557 1191 1642; x_wconf 90' lang='lat'>111,</span> <span class='ocrx_word' id='word_1_87' title='bbox 1201 1560 1233 1642; x_wconf 85' lang='grc'><strong>4,</strong></span> <span class='ocrx_word' id='word_1_88' title='bbox 1242 1560 1290 1626; x_wconf 83' lang='grc'><strong>32</strong></span> <span class='ocrx_word' id='word_1_89' title='bbox 1301 1559 1435 1644; x_wconf 80' lang='lat' dir='ltr'><strong>Lachne,</strong></span> 
     </span>
     <span class='ocr_line' id='line_1_13' title="bbox 278 1661 1402 1757; baseline -0.002 -23"><span class='ocrx_word' id='word_1_90' title='bbox 278 1664 334 1734; x_wconf 87' lang='lat' dir='ltr'><strong>ubi</strong></span> <span class='ocrx_word' id='word_1_91' title='bbox 355 1675 466 1757; x_wconf 86' lang='lat' dir='ltr'><strong>aperte</strong></span> <span class='ocrx_word' id='word_1_92' title='bbox 488 1665 529 1734; x_wconf 90' lang='lat' dir='ltr'><strong>de</strong></span> <span class='ocrx_word' id='word_1_93' title='bbox 552 1661 725 1738; x_wconf 82' lang='lat' dir='ltr'><strong>Memnone</strong></span> <span class='ocrx_word' id='word_1_94' title='bbox 747 1665 888 1757; x_wconf 87' lang='lat' dir='ltr'><strong>quuitur</strong></span> <span class='ocrx_word' id='word_1_95' title='bbox 915 1675 1028 1756; x_wconf 71' lang='lat' dir='ltr'><strong>poetae</strong></span> <span class='ocrx_word' id='word_1_96' title='bbox 1398 1705 1402 1712; x_wconf 90' lang='lat'><em>-</em></span> 
     </span>
     <span class='ocr_line' id='line_1_14' title="bbox 271 1767 1248 1863; baseline -0.002 -21"><span class='ocrx_word' id='word_1_97' title='bbox 271 1789 285 1808; x_wconf 88' lang='lat'><strong>·&#39;</strong></span> <span class='ocrx_word' id='word_1_98' title='bbox 388 1791 402 1812; x_wconf 90' lang='grc'><strong>·’</strong></span> <span class='ocrx_word' id='word_1_99' title='bbox 508 1773 669 1846; x_wconf 75' lang='lat' dir='ltr'><strong>Nestoris</strong></span> <span class='ocrx_word' id='word_1_100' title='bbox 693 1781 742 1842; x_wconf 89' lang='lat' dir='ltr'><strong>est</strong></span> <span class='ocrx_word' id='word_1_101' title='bbox 762 1774 851 1840; x_wconf 88' lang='lat' dir='ltr'><strong>visus</strong></span> <span class='ocrx_word' id='word_1_102' title='bbox 873 1767 949 1863; x_wconf 89' lang='lat' dir='ltr'><strong>post</strong></span> <span class='ocrx_word' id='word_1_103' title='bbox 969 1773 1030 1838; x_wconf 85' lang='lat' dir='ltr'><strong>tria</strong></span> <span class='ocrx_word' id='word_1_104' title='bbox 1047 1769 1248 1848; x_wconf 69' lang='lat' dir='ltr'><strong>eeclacinis.</strong></span> 
     </span>
     <span class='ocr_line' id='line_1_15' title="bbox 380 1873 1276 1970; baseline -0.001 -23"><span class='ocrx_word' id='word_1_105' title='bbox 380 1895 383 1914; x_wconf 76' lang='lat'><strong>¹</strong></span> <span class='ocrx_word' id='word_1_106' title='bbox 421 1873 526 1947; x_wconf 46' lang='lat' dir='ltr'><strong>*cu</strong></span> <span class='ocrx_word' id='word_1_107' title='bbox 548 1881 576 1946; x_wconf 88' lang='lat' dir='ltr'><strong>si</strong></span> <span class='ocrx_word' id='word_1_108' title='bbox 597 1891 665 1948; x_wconf 87' lang='lat' dir='ltr'><strong>tam</strong></span> <span class='ocrx_word' id='word_1_109' title='bbox 686 1876 993 1970; x_wconf 81' lang='lat' dir='ltr'><strong>longaeminuisset</strong></span> <span class='ocrx_word' id='word_1_110' title='bbox 1017 1880 1085 1946; x_wconf 84' lang='lat' dir='ltr'><strong>lata</strong></span> <span class='ocrx_word' id='word_1_111' title='bbox 1106 1888 1276 1946; x_wconf 73' lang='lat' dir='ltr'><strong>senectae</strong></span> 
     </span>
     <span class='ocr_line' id='line_1_16' title="bbox 325 1985 1083 2076; baseline -0.003 -22"><span class='ocrx_word' id='word_1_112' title='bbox 325 2015 329 2025; x_wconf 85' lang='lat'>·</span> <span class='ocrx_word' id='word_1_113' title='bbox 376 2053 379 2060; x_wconf 85' lang='grc'>,</span> <span class='ocrx_word' id='word_1_114' title='bbox 521 1986 595 2054; x_wconf 91' lang='lat' dir='ltr'><strong>Ilius</strong></span> <span class='ocrx_word' id='word_1_115' title='bbox 617 1985 719 2056; x_wconf 84' lang='lat' dir='ltr'><strong>Iliacis</strong></span> <span class='ocrx_word' id='word_1_116' title='bbox 744 1985 835 2052; x_wconf 84' lang='lat' dir='ltr'><strong>miles</strong></span> <span class='ocrx_word' id='word_1_117' title='bbox 856 1986 890 2052; x_wconf 91' lang='lat' dir='ltr'><strong>in</strong></span> <span class='ocrx_word' id='word_1_118' title='bbox 913 1986 1083 2076; x_wconf 78' lang='lat' dir='ltr'><strong>aggeribus</strong></span> 
     </span>
    </p>

    <p class='ocr_par' dir='ltr' id='par_1_3' title="bbox 273 2090 1434 2503">
     <span class='ocr_line' id='line_1_17' title="bbox 336 2090 1242 2182; baseline -0.003 -20"><span class='ocrx_word' id='word_1_119' title='bbox 336 2101 340 2129; x_wconf 80' lang='lat'><em>²</em></span> <span class='ocrx_word' id='word_1_120' title='bbox 392 2111 395 2119; x_wconf 89' lang='lat'>&#39;</span> <span class='ocrx_word' id='word_1_121' title='bbox 462 2093 538 2162; x_wconf 89' lang='lat' dir='ltr'><strong>Non</strong></span> <span class='ocrx_word' id='word_1_122' title='bbox 560 2091 798 2161; x_wconf 82' lang='lat' dir='ltr'><strong>ille-Antilochi</strong></span> <span class='ocrx_word' id='word_1_123' title='bbox 817 2091 951 2158; x_wconf 86' lang='lat' dir='ltr'><strong>vidisset</strong></span> <span class='ocrx_word' id='word_1_124' title='bbox 967 2113 1086 2182; x_wconf 88' lang='lat' dir='ltr'><strong>corpus</strong></span> <span class='ocrx_word' id='word_1_125' title='bbox 1106 2090 1242 2159; x_wconf 89' lang='lat' dir='ltr'><strong>humari.</strong></span> 
     </span>
     <span class='ocr_line' id='line_1_18' title="bbox 278 2193 1434 2279; baseline -0.002 -11"><span class='ocrx_word' id='word_1_126' title='bbox 278 2198 341 2269; x_wconf 89' lang='lat' dir='ltr'><strong>Ibi:</strong></span> <span class='ocrx_word' id='word_1_127' title='bbox 370 2197 469 2268; x_wconf 84' lang='lat' dir='ltr'><strong>llius</strong></span> <span class='ocrx_word' id='word_1_128' title='bbox 491 2198 700 2268; x_wconf 88' lang='lat' dir='ltr'><strong>Lachmanno</strong></span> <span class='ocrx_word' id='word_1_129' title='bbox 723 2198 866 2266; x_wconf 90' lang='lat' dir='ltr'><strong>debetur.</strong></span> <span class='ocrx_word' id='word_1_130' title='bbox 910 2193 1013 2266; x_wconf 81' lang='lat' dir='ltr'><strong>Oodd.</strong></span> <span class='ocrx_word' id='word_1_131' title='bbox 1037 2201 1104 2266; x_wconf 85' lang='lat' dir='ltr'><strong>iere</strong></span> <span class='ocrx_word' id='word_1_132' title='bbox 1126 2220 1256 2269; x_wconf 85' lang='lat' dir='ltr'><strong>omnes:</strong></span> <span class='ocrx_word' id='word_1_133' title='bbox 1293 2197 1434 2279; x_wconf 85' lang='lat' dir='ltr'><strong>Gallicus,</strong></span> 
     </span>
     <span class='ocr_line' id='line_1_19' title="bbox 278 2304 1432 2400; baseline -0.003 -24"><span class='ocrx_word' id='word_1_134' title='bbox 278 2308 340 2376; x_wconf 85' lang='lat' dir='ltr'><strong>nisi</strong></span> <span class='ocrx_word' id='word_1_135' title='bbox 361 2307 448 2400; x_wconf 75' lang='lat' dir='ltr'><strong>qotod</strong></span> <span class='ocrx_word' id='word_1_136' title='bbox 469 2306 613 2374; x_wconf 89' lang='lat' dir='ltr'><strong>nonnulli</strong></span> <span class='ocrx_word' id='word_1_137' title='bbox 633 2304 816 2374; x_wconf 90' lang='lat' dir='ltr'><strong>Dallicus</strong></span> <span class='ocrx_word' id='word_1_138' title='bbox 841 2306 1045 2396; x_wconf 85' lang='lat' dir='ltr'><strong>quodquam</strong></span> <span class='ocrx_word' id='word_1_139' title='bbox 1066 2327 1168 2396; x_wconf 89' lang='lat' dir='ltr'><strong>prope</strong></span> <span class='ocrx_word' id='word_1_140' title='bbox 1184 2305 1284 2374; x_wconf 83' lang='lat' dir='ltr'><strong>[aciat</strong></span> <span class='ocrx_word' id='word_1_141' title='bbox 1301 2308 1343 2376; x_wconf 90' lang='lat' dir='ltr'><strong>ad</strong></span> <span class='ocrx_word' id='word_1_142' title='bbox 1355 2309 1432 2377; x_wconf 87' lang='lat' dir='ltr'><strong>Stra·</strong></span> 
     </span>
     <span class='ocr_line' id='line_1_20' title="bbox 273 2411 1342 2503; baseline -0.005 -21"><span class='ocrx_word' id='word_1_143' title='bbox 273 2411 561 2503; x_wconf 72' lang='lat' dir='ltr'><strong>¹bonisculgatam</strong></span> <span class='ocrx_word' id='word_1_144' title='bbox 584 2412 761 2479; x_wconf 78' lang='grc' dir='ltr'><strong><em>Δαλιακιῑιι</em></strong></span> <span class='ocrx_word' id='word_1_145' title='bbox 779 2435 880 2480; x_wconf 90' lang='lat' dir='ltr'><strong>nemo</strong></span> <span class='ocrx_word' id='word_1_146' title='bbox 898 2433 964 2478; x_wconf 82' lang='lat' dir='ltr'><strong>non</strong></span> <span class='ocrx_word' id='word_1_147' title='bbox 983 2411 1081 2478; x_wconf 80' lang='lat' dir='ltr'><strong>videt</strong></span> <span class='ocrx_word' id='word_1_148' title='bbox 1121 2457 1124 2466; x_wconf 80' lang='lat'><em>,</em></span> <span class='ocrx_word' id='word_1_149' title='bbox 1339 2419 1342 2426; x_wconf 88' lang='lat'>&#39;</span> 
     </span>
    </p>

    <p class='ocr_par' dir='ltr' id='par_1_4' title="bbox 269 2517 1433 3358">
     <span class='ocr_line' id='line_1_21' title="bbox 351 2517 1433 2610; baseline -0.002 -23"><span class='ocrx_word' id='word_1_150' title='bbox 351 2519 538 2588; x_wconf 68' lang='lat' dir='ltr'><strong>mmeritis</strong></span> <span class='ocrx_word' id='word_1_151' title='bbox 561 2519 764 2609; x_wconf 77' lang='lat' dir='ltr'><strong>fragmentis,</strong></span> <span class='ocrx_word' id='word_1_152' title='bbox 795 2542 813 2585; x_wconf 90' lang='lat' dir='ltr'><strong>a</strong></span> <span class='ocrx_word' id='word_1_153' title='bbox 834 2517 974 2610; x_wconf 86' lang='lat' dir='ltr'><strong>Borglio</strong></span> <span class='ocrx_word' id='word_1_154' title='bbox 998 2519 1157 2600; x_wconf 72' lang='lat' dir='ltr'><strong>collectis,</strong></span> <span class='ocrx_word' id='word_1_155' title='bbox 1189 2541 1276 2610; x_wconf 88' lang='lat' dir='ltr'><strong>quoe</strong></span> <span class='ocrx_word' id='word_1_156' title='bbox 1299 2519 1433 2590; x_wconf 88' lang='lat' dir='ltr'><strong>addenda</strong></span> 
     </span>
     <span class='ocr_line' id='line_1_22' title="bbox 280 2623 1433 2717; baseline -0.002 -23"><span class='ocrx_word' id='word_1_157' title='bbox 280 2634 383 2709; x_wconf 87' lang='lat' dir='ltr'><strong>erant,</strong></span> <span class='ocrx_word' id='word_1_158' title='bbox 403 2625 568 2693; x_wconf 89' lang='lat' dir='ltr'><strong>&#39;indicavit</strong></span> <span class='ocrx_word' id='word_1_159' title='bbox 594 2623 862 2694; x_wconf 83' lang='lat' dir='ltr'><strong>Schneidewinus</strong></span> <span class='ocrx_word' id='word_1_160' title='bbox 894 2626 926 2691; x_wconf 90' lang='lat' dir='ltr'><strong>in</strong></span> <span class='ocrx_word' id='word_1_161' title='bbox 950 2627 1144 2708; x_wconf 76' lang='lat' dir='ltr'><strong>recensione</strong></span> <span class='ocrx_word' id='word_1_162' title='bbox 1172 2625 1349 2717; x_wconf 81' lang='lat' dir='ltr'><strong>Bergkiauii</strong></span> <span class='ocrx_word' id='word_1_163' title='bbox 1373 2627 1433 2694; x_wconf 83' lang='lat' dir='ltr'><strong>libri</strong></span> 
     </span>
     <span class='ocr_line' id='line_1_23' title="bbox 280 2727 1431 2824; baseline -0.003 -25"><span class='ocrx_word' id='word_1_164' title='bbox 280 2750 312 2824; x_wconf 87' lang='lat' dir='ltr'><strong>p.</strong></span> <span class='ocrx_word' id='word_1_165' title='bbox 328 2733 401 2816; x_wconf 81' lang='lat'>507,</span> <span class='ocrx_word' id='word_1_166' title='bbox 423 2749 453 2824; x_wconf 89' lang='lat' dir='ltr'><strong>p.</strong></span> <span class='ocrx_word' id='word_1_167' title='bbox 473 2733 546 2798; x_wconf 81' lang='lat'><strong>527.</strong></span> <span class='ocrx_word' id='word_1_168' title='bbox 601 2731 712 2800; x_wconf 91' lang='lat' dir='ltr'><strong>Unum</strong></span> <span class='ocrx_word' id='word_1_169' title='bbox 744 2732 893 2815; x_wconf 88' lang='lat' dir='ltr'><strong>monebo,</strong></span> <span class='ocrx_word' id='word_1_170' title='bbox 927 2727 1041 2822; x_wconf 73' lang='lat' dir='ltr'><strong>fragm.</strong></span> <span class='ocrx_word' id='word_1_171' title='bbox 1073 2755 1122 2823; x_wconf 86' lang='lat' dir='ltr'><strong>ap.</strong></span> <span class='ocrx_word' id='word_1_172' title='bbox 1154 2731 1292 2800; x_wconf 85' lang='lat' dir='ltr'><strong>Cramer</strong></span> <span class='ocrx_word' id='word_1_173' title='bbox 1323 2729 1431 2800; x_wconf 86' lang='lat' dir='ltr'><strong>Auecd</strong></span> 
     </span>
     <span class='ocr_line' id='line_1_24' title="bbox 269 2831 1431 2930; baseline -0.005 -22"><span class='ocrx_word' id='word_1_174' title='bbox 269 2833 355 2908; x_wconf 75' lang='lat' dir='ltr'><strong>Par.</strong></span> <span class='ocrx_word' id='word_1_175' title='bbox 375 2837 397 2922; x_wconf 90' lang='lat' dir='ltr'><strong>l,</strong></span> <span class='ocrx_word' id='word_1_176' title='bbox 420 2839 606 2930; x_wconf 73' lang='lat' dir='ltr'><strong>p.387‚34:</strong></span> <span class='ocrx_word' id='word_1_177' title='bbox 629 2839 713 2920; x_wconf 72' lang='grc' dir='ltr'><strong><em>λέγει</em></strong></span> <span class='ocrx_word' id='word_1_178' title='bbox 735 2837 797 2926; x_wconf 78' lang='grc' dir='ltr'><strong>γὰρ</strong></span> <span class='ocrx_word' id='word_1_179' title='bbox 820 2835 839 2904; x_wconf 87' lang='grc' dir='ltr'>ὁ</span> <span class='ocrx_word' id='word_1_180' title='bbox 861 2839 1064 2924; x_wconf 74' lang='grc' dir='ltr'><em>Σιμωνίδης,</em></span> <span class='ocrx_word' id='word_1_181' title='bbox 1085 2831 1140 2905; x_wconf 78' lang='grc' dir='ltr'><strong>ὅτι</strong></span> <span class='ocrx_word' id='word_1_182' title='bbox 1158 2838 1176 2906; x_wconf 88' lang='grc' dir='ltr'>ὁ</span> <span class='ocrx_word' id='word_1_183' title='bbox 1197 2840 1300 2920; x_wconf 70' lang='grc' dir='ltr'><strong>θεὸς</strong></span> <span class='ocrx_word' id='word_1_184' title='bbox 1319 2836 1431 2926; x_wconf 81' lang='grc' dir='ltr'><strong><em>μόνος</em></strong></span> 
     </span>
     <span class='ocr_line' id='line_1_25' title="bbox 280 2941 1431 3033; baseline -0.003 -21"><span class='ocrx_word' id='word_1_185' title='bbox 280 2945 344 3033; x_wconf 79' lang='grc' dir='ltr'><strong><em>ἔχει</em></strong></span> <span class='ocrx_word' id='word_1_186' title='bbox 366 2946 428 3026; x_wconf 73' lang='grc' dir='ltr'><strong>τὴν</strong></span> <span class='ocrx_word' id='word_1_187' title='bbox 448 2942 554 3033; x_wconf 64' lang='grc' dir='ltr'><strong><em>ἄκρον</em></strong></span> <span class='ocrx_word' id='word_1_188' title='bbox 576 2941 845 3031; x_wconf 59' lang='lat' dir='ltr'><strong>inscripturus</strong></span> <span class='ocrx_word' id='word_1_189' title='bbox 867 2967 933 3014; x_wconf 92' lang='lat' dir='ltr'><strong>non</strong></span> <span class='ocrx_word' id='word_1_190' title='bbox 956 2969 1030 3015; x_wconf 90' lang='lat' dir='ltr'><strong>cum</strong></span> <span class='ocrx_word' id='word_1_191' title='bbox 1052 2946 1303 3018; x_wconf 85' lang='lat' dir='ltr'><strong>Schneidewino</strong></span> <span class='ocrx_word' id='word_1_192' title='bbox 1325 2951 1431 3018; x_wconf 80' lang='lat' dir='ltr'><strong>referre</strong></span> 
     </span>
     <span class='ocr_line' id='line_1_26' title="bbox 270 3046 1430 3148; baseline -0.002 -27"><span class='ocrx_word' id='word_1_193' title='bbox 270 3053 323 3121; x_wconf 79' lang='lat' dir='ltr'><strong>ad</strong></span> <span class='ocrx_word' id='word_1_194' title='bbox 341 3055 454 3144; x_wconf 82' lang='lat' dir='ltr'><strong>fragm.</strong></span> <span class='ocrx_word' id='word_1_195' title='bbox 475 3055 505 3135; x_wconf 82' lang='lat'><strong>8,</strong></span> <span class='ocrx_word' id='word_1_196' title='bbox 527 3054 557 3120; x_wconf 88' lang='lat'><strong>5.</strong></span> <span class='ocrx_word' id='word_1_197' title='bbox 593 3050 693 3129; x_wconf 72' lang='grc' dir='ltr'><strong>θεὸς</strong></span> <span class='ocrx_word' id='word_1_198' title='bbox 713 3046 758 3116; x_wconf 72' lang='grc' dir='ltr'><strong>ἂν</strong></span> <span class='ocrx_word' id='word_1_199' title='bbox 786 3047 912 3138; x_wconf 79' lang='grc' dir='ltr'><strong><em>μόνος</em></strong></span> <span class='ocrx_word' id='word_1_200' title='bbox 933 3050 1028 3118; x_wconf 80' lang='grc' dir='ltr'><strong><em>τοῦτ’</em></strong></span> <span class='ocrx_word' id='word_1_201' title='bbox 1043 3069 1046 3074; x_wconf 85' lang='grc'><em>“</em></span> <span class='ocrx_word' id='word_1_202' title='bbox 1060 3049 1128 3140; x_wconf 57' lang='lat' dir='ltr'><strong>lgm</strong></span> <span class='ocrx_word' id='word_1_203' title='bbox 1151 3058 1264 3144; x_wconf 76' lang='grc' dir='ltr'><strong><em>γέρας,</em></strong></span> <span class='ocrx_word' id='word_1_204' title='bbox 1298 3051 1430 3148; x_wconf 79' lang='lat' dir='ltr'><strong>quamvis</strong></span> 
     </span>
     <span class='ocr_line' id='line_1_27' title="bbox 280 3152 1428 3251; baseline -0.002 -25"><span class='ocrx_word' id='word_1_205' title='bbox 280 3157 365 3237; x_wconf 75' lang='grc' dir='ltr'><strong>θεὸς</strong></span> <span class='ocrx_word' id='word_1_206' title='bbox 381 3157 484 3246; x_wconf 78' lang='grc' dir='ltr'><strong><em>μόνος</em></strong></span> <span class='ocrx_word' id='word_1_207' title='bbox 503 3159 564 3226; x_wconf 90' lang='lat' dir='ltr'><strong>sibi</strong></span> <span class='ocrx_word' id='word_1_208' title='bbox 585 3158 817 3250; x_wconf 88' lang='lat' dir='ltr'><strong>respondeant,</strong></span> <span class='ocrx_word' id='word_1_209' title='bbox 838 3159 897 3227; x_wconf 90' lang='lat' dir='ltr'><strong>sed</strong></span> <span class='ocrx_word' id='word_1_210' title='bbox 918 3159 960 3228; x_wconf 87' lang='lat' dir='ltr'><strong>ad</strong></span> <span class='ocrx_word' id='word_1_211' title='bbox 981 3161 1094 3251; x_wconf 80' lang='lat' dir='ltr'><strong>fragm</strong></span> <span class='ocrx_word' id='word_1_212' title='bbox 1117 3164 1170 3248; x_wconf 81' lang='lat'><strong>27,</strong></span> <span class='ocrx_word' id='word_1_213' title='bbox 1194 3168 1228 3232; x_wconf 88' lang='lat'><strong>1:</strong></span> <span class='ocrx_word' id='word_1_214' title='bbox 1257 3163 1343 3241; x_wconf 75' lang='grc' dir='ltr'><strong>θεὸς</strong></span> <span class='ocrx_word' id='word_1_215' title='bbox 1364 3156 1393 3224; x_wconf 75' lang='grc' dir='ltr'><strong>δ’</strong></span> <span class='ocrx_word' id='word_1_216' title='bbox 1414 3152 1428 3220; x_wconf 89' lang='lat' dir='ltr'><strong>o&#39;</strong></span> 
     </span>
     <span class='ocr_line' id='line_1_28' title="bbox 280 3289 527 3358; baseline -0.016 -22"><span class='ocrx_word' id='word_1_217' title='bbox 280 3289 462 3358; x_wconf 79' lang='grc' dir='ltr'><strong><em>παμμηιις.</em></strong></span> <span class='ocrx_word' id='word_1_218' title='bbox 484 3305 527 3318; x_wconf 83' lang='grc'><strong>--</strong></span> 
     </span>
    </p>
   </div>
   <div class='ocr_carea' id='block_1_3' title="bbox 535 3643 1213 3877">
    <p class='ocr_par' dir='ltr' id='par_1_5' title="bbox 535 3643 1213 3877">
     <span class='ocr_line' id='line_1_29' title="bbox 839 3643 886 3712; baseline -0.043 0"><span class='ocrx_word' id='word_1_219' title='bbox 839 3643 886 3712; x_wconf 93' lang='lat' dir='ltr'><strong>III.</strong></span> 
     </span>
     <span class='ocr_line' id='line_1_30' title="bbox 535 3785 1213 3877; baseline 0.007 -18"><span class='ocrx_word' id='word_1_220' title='bbox 535 3787 597 3859; x_wconf 88' lang='lat' dir='ltr'><strong>DE</strong></span> <span class='ocrx_word' id='word_1_221' title='bbox 628 3785 925 3862; x_wconf 80' lang='lat' dir='ltr'>ANTIGENIDA</span> <span class='ocrx_word' id='word_1_222' title='bbox 953 3788 1213 3877; x_wconf 53' lang='lat' dir='ltr'>UTROQUE«</span> 
     </span>
    </p>
   </div>
   <div class='ocr_carea' id='block_1_4' title="bbox 280 3993 1474 4425">
    <p class='ocr_par' dir='ltr' id='par_1_6' title="bbox 280 3993 1474 4425">
     <span class='ocr_line' id='line_1_31' title="bbox 367 3993 1422 4103; baseline -0.002 -28"><span class='ocrx_word' id='word_1_223' title='bbox 367 4007 546 4076; x_wconf 82' lang='lat' dir='ltr'><strong>Tibicinem</strong></span> <span class='ocrx_word' id='word_1_224' title='bbox 566 3993 766 4078; x_wconf 87' lang='lat' dir='ltr'><strong>Philoxenus</strong></span> <span class='ocrx_word' id='word_1_225' title='bbox 790 4008 889 4077; x_wconf 87' lang='lat' dir='ltr'><strong>Iertar</strong></span> <span class='ocrx_word' id='word_1_226' title='bbox 910 4031 1023 4083; x_wconf 87' lang='lat' dir='ltr'><strong>secum</strong></span> <span class='ocrx_word' id='word_1_227' title='bbox 1043 4011 1196 4083; x_wconf 86' lang='lat' dir='ltr'><strong>habuisse</strong></span> <span class='ocrx_word' id='word_1_228' title='bbox 1215 4007 1422 4103; x_wconf 80' lang='lat' dir='ltr'><strong>Antigenidam</strong></span> 
     </span>
     <span class='ocr_line' id='line_1_32' title="bbox 280 4112 1421 4205; baseline -0.005 -23"><span class='ocrx_word' id='word_1_229' title='bbox 280 4113 481 4198; x_wconf 88' lang='lat' dir='ltr'><strong>Thebanum,</strong></span> <span class='ocrx_word' id='word_1_230' title='bbox 501 4115 610 4204; x_wconf 85' lang='lat' dir='ltr'><strong>Satyri</strong></span> <span class='ocrx_word' id='word_1_231' title='bbox 631 4114 739 4181; x_wconf 89' lang='lat' dir='ltr'><strong>filium.</strong></span> <span class='ocrx_word' id='word_1_232' title='bbox 784 4115 873 4183; x_wconf 90' lang='lat' dir='ltr'><strong>Suid.</strong></span> <span class='ocrx_word' id='word_1_233' title='bbox 897 4139 921 4181; x_wconf 93' lang='lat' dir='ltr'><strong>s.</strong></span> <span class='ocrx_word' id='word_1_234' title='bbox 944 4141 985 4182; x_wconf 86' lang='lat' dir='ltr'><strong>v..</strong></span> <span class='ocrx_word' id='word_1_235' title='bbox 1006 4117 1239 4205; x_wconf 70' lang='lat' dir='ltr'><strong>Arrtysoirtne·</strong></span> <span class='ocrx_word' id='word_1_236' title='bbox 1269 4112 1421 4201; x_wconf 75' lang='grc' dir='ltr'><strong>Σατύρου·</strong></span> 
     </span>
     <span class='ocr_line' id='line_1_33' title="bbox 285 4214 1420 4313; baseline -0.002 -26"><span class='ocrx_word' id='word_1_237' title='bbox 285 4220 434 4305; x_wconf 77' lang='grc' dir='ltr'><strong><em>Θηβαῖος</em></strong></span> <span class='ocrx_word' id='word_1_238' title='bbox 446 4217 620 4308; x_wconf 82' lang='grc' dir='ltr'><strong><em>μουσικός·</em></strong></span> <span class='ocrx_word' id='word_1_239' title='bbox 644 4215 794 4309; x_wconf 74' lang='grc' dir='ltr'><em>αὐλῳδὸς</em></span> <span class='ocrx_word' id='word_1_240' title='bbox 820 4223 1018 4304; x_wconf 65' lang='grc' dir='ltr'><strong><em>Φιλοξένου*</em></strong></span> <span class='ocrx_word' id='word_1_241' title='bbox 1046 4214 1141 4303; x_wconf 83' lang='grc' dir='ltr'><strong><em>οὗτος</em></strong></span> <span class='ocrx_word' id='word_1_242' title='bbox 1155 4223 1346 4313; x_wconf 72' lang='grc' dir='ltr'><strong><em>ὑποδήμασι</em></strong></span> <span class='ocrx_word' id='word_1_243' title='bbox 1365 4216 1420 4285; x_wconf 78' lang='grc' dir='ltr'><strong>Μι-</strong></span> 
     </span>
     <span class='ocr_line' id='line_1_34' title="bbox 280 4325 1474 4425; baseline -0.004 -35"><span class='ocrx_word' id='word_1_244' title='bbox 280 4325 409 4406; x_wconf 82' lang='grc' dir='ltr'><strong><em>λησίοις</em></strong></span> <span class='ocrx_word' id='word_1_245' title='bbox 428 4325 591 4416; x_wconf 77' lang='grc' dir='ltr'><strong><em>ἐχρήσατο</em></strong></span> <span class='ocrx_word' id='word_1_246' title='bbox 612 4325 740 4415; x_wconf 75' lang='grc' dir='ltr'><strong><em>πρῶτος</em></strong></span> <span class='ocrx_word' id='word_1_247' title='bbox 761 4331 817 4393; x_wconf 78' lang='grc' dir='ltr'><strong>καὶ</strong></span> <span class='ocrx_word' id='word_1_248' title='bbox 841 4327 876 4394; x_wconf 75' lang='grc' dir='ltr'><strong>ἐν</strong></span> <span class='ocrx_word' id='word_1_249' title='bbox 899 4331 944 4420; x_wconf 79' lang='grc' dir='ltr'><strong>τῷ</strong></span> <span class='ocrx_word' id='word_1_250' title='bbox 960 4333 1132 4425; x_wconf 71' lang='grc' dir='ltr'><em>Κωμαστῇ</em></span> <span class='ocrx_word' id='word_1_251' title='bbox 1146 4332 1309 4422; x_wconf 80' lang='grc' dir='ltr'><strong><em>κροκωτὸν</em></strong></span> <span class='ocrx_word' id='word_1_252' title='bbox 1330 4343 1418 4412; x_wconf 77' lang='lat' dir='ltr'><strong>erepte-</strong></span> <span class='ocrx_word' id='word_1_253' title='bbox 1472 4339 1474 4406; x_wconf 76' lang='grc' dir='ltr'><strong><em>ι</em></strong></span> 
     </span>
    </p>
   </div>
   <div class='ocr_carea' id='block_1_5' title="bbox 0 0 1541 5012">
    <p class='ocr_par' dir='ltr' id='par_1_7' title="bbox 0 0 1541 5012">
     <span class='ocr_line' id='line_1_35' title="bbox 0 0 1541 5012; baseline 0 0"><span class='ocrx_word' id='word_1_254' title='bbox 0 0 1541 5012; x_wconf 95' lang='lat' dir='ltr'><strong> </strong></span> 
     </span>
    </p>
   </div>
  </div>
 </body>
</html>
