3044 4982
656 341 706 412 es

96 527 223 593 floruit.
265 524 374 604 Quare
395 524 525 588 tametsi·
539 523 566 586 is
579 521 765 604 tragoedias
786 521 928 605 scripsit,
955 523 1089 608 Diogen.
1104 526 1205 605 hvl,
1223 529 1252 605 7,

52 673 57 678 -
100 630 231 696 silentio
255 628 347 690 nobis
368 612 616 710 prsetereundus
637 638 694 690 est.
738 625 960 688 Alexandriam
975 627 1009 689 in
1027 648 1102 708 agro
1114 629 1253 706 Troiano

102 751 174 797 sero
197 729 359 794 conditam
380 730 496 794 lerunt.
546 727 754 805 Quamobrem
776 730 1018 808 Nicomachum,
1043 733 1141 796 civem
1162 732 1254 808 buius

106 833 212 916 urbis,
231 835 391 897 omittere
412 833 494 894 licet.
543 833 623 894 ‘Pari
649 831 744 894 modo
774 852 843 894 uos¹
856 845 942 894 actes
962 834 1097 896 eliorum
1118 832 1254 910 adducit,

104 955 143 1004 ot
164 959 219 1002 eos
241 957 282 999 ne
303 936 403 998 verbo
417 933 550 1016 mitem
572 937 856 998 commemoremus.
909 933 971 997 Sed
993 955 1085 1016 saepe
1106 937 1253 1002 multum·

106 1063 172 1127 que
191 1059 314 1104 mecum
329 1037 483 1118 cogitari,
506 1059 524 1098 n
545 1055 681 1119 quonam
702 1037 861 1120 principio
880 1038 958 1100 mihi
979 1057 1030 1100 res
1050 1039 1185 1104 maxime
1206 1060 1254 1102 es·

107 1159 179 1210 seut
198 1140 400 1224 repetendus,
422 1160 495 1223 'quo-
513 1141 628 1203 reotius
652 1154 684 1203 et
705 1143 868 1204 literarum
889 1147 1024 1219 iacturae
1041 1143 1255 1205 consuleretur

111 1262 145 1312 et
165 1245 323 1310 desiderio
340 1266 377 1306 ec
393 1245 577 1309 'sententiae
590 1247 639 1306 lll.
659 1243 823 1308 Societatis
845 1245 1019 1308 satisfieret.
1068 1243 1155 1320 Ques
1184 1264 1254 1306 cum

108 1350 149 1412 de
170 1349 369 1412 incumbmts
386 1349 562 1431 primisque
577 1347 770 1426 'iudicaverit
790 1351 990 1412 incrementis
1010 1350 1085 1412 satis
1115 1348 1255 1431 disputa·

108 1465 179 1514 turn
200 1448 362 1529 esseynou
387 1449 629 1534 dithyrdmbum,
651 1473 691 1515 ex
711 1451 776 1535 quo
797 1452 990 1534 tragoediam
1003 1451 1117 1516 sensim
1136 1449 1255 1516 succre-

108 1555 191 1626 visse
221 1553 422 1635 existimant,¹'
446 1575 515 1618 uec·
531 1557 642 1618 merita
663 1555 829 1640 Thespidis
857 1557 999 1637 cognosci
1027 1555 1150 1635 voluit.-
1190 1553 1253 1616 Sed

109 1678 182 1720 omn
204 1677 317 1720 eorum
334 1675 386 1718 res
406 1657 531 1734 jusserit
551 1657 710 1738 indagari,
738 1660 795 1742 qui
813 1660 960 1742 Aeschyli
989 1660 1084 1722 aeteti
1104 1672 1255 1740 suppares

109 1758 254 1837 luissent,
274 1760 383 1842 quaeri
401 1771 518 1840 potest,¹
533 1780 644 1823 aunon
661 1761 803 1843 quaestio
819 1759 858 1822 ad
875 1761 1065 1840 Choerilum,
1087 1761 1255 1839 Pretium,

111 1862 387 1944 Phrynichuutqus
406 1861 577 1942 pertinere
594 1862 721 1941 debeat,
754 1863 811 1946 qui
833 1883 902 1924 oum
923 1865 1078 1945 Aeschylo
1107 1862 1255 1925 vixerunt

109 1966 295 2048 fabulasque
315 1963 497 2026 docuerunt.
517 1963 630 2026 11111
658 1983 729 2028 cum
748 1965 919 2046 Aeschylus
932 1999 934 2010 =
948 1985 1017 2026 cum
1042 1963 1164 2028 duobus
1192 1963 1255 2026 illis

110 2079 256 2145 certaret,
277 2079 396 2128 tantam
416 2065 648 2130 multitudinem
665 2067 832 2136 hominurn
854 2063 1200 2153 perfluxisse'uermnt,
1220 2079 1255 2130 ut

110 2171 253 2232 tabulate
275 2180 474 2248 corruerent,
490 2169 544 2230 ·in'
562 2170 676 2252 quibus
698 2180 889 2250 spectatores
911 2171 1125 2233 constiterant.
1168 2170 1255 2234 Suid.

112 2293 138 2334 s.
158 2273 430 2358 11Πρατῖνας,
462 2267 666 2360 Aleydiory-
679 2271 848 2356 Αἴγυρος.
900 2272 1006 2334 Schol.
1033 2271 1073 2335 ad
1094 2272 1255 2353 Aristoph.

112 2375 236 2441 Thesm.
257 2381 333 2440 402.
388 2377 529 2438 Eustath.
553 2375 875 2457 1111111111.
933 2375 1042 2439 Libau.
1071 2377 1255 2454 Argumeut.

110 2479 152 2542 ad
180 2483 346 2546 Demosth.
377 2479 509 2564 Olynth.
530 2483 555 2544 1.
605 2480 740 2564 Hesych.
764 2482 856 2546 Phet.
876 2501 902 2543 s.
923 2501 974 2544 vv.
996 2483 1096 2566 ἴκρια.
1138 2481 1255 2542 Zonar.

110 2605 144 2664 p.
155 2586 198 2645 65
212 2596 245 2646 et
264 2588 360 2646 1101.
402 2585 482 2654 Item
503 2584 700 2667 Phrynichus
720 2580 805 2644 haud
826 2602 901 2644 rero
918 2603 990 2644 cum
1012 2581 1160 2646 Choerilo
1183 2600 1256 2645 oon·
1305 2647 1309 2652 ,

110 2688 254 2767 jungitur
275 2701 307 2750 et
328 2690 367 2750 ab
388 2689 517 2751 Hieron.
540 2690 574 2750 in
595 2687 714 2750 Chrou.
735 2686 847 2748 Euseb.
870 2684 909 2747 ad
932 2681 983 2748 01.
998 2688 1049 2764 74,
1067 2686 1254 2748 ereremum

111 2791 298 2854 Phoenissae
319 2788 370 2855 01.
392 2794 447 2870 75,
465 2798 487 2854 4
509 2790 624 2854 docuit.
669 2789 827 2851 Plutarch.
854 2788 964 2850 Tbem.
985 2787 1016 2849 5.
1083 2786 1255 2866 Bentlej.

113 2892 230 2975 Opusc.
247 2899 364 2976 pesa.
404 2895 525 2958 Verum
545 2895 628 2956 euim
648 2905 685 2956 ut
707 2913 813 2974 genus,
834 2891 921 2975 quod
936 2892 973 2954 hi
993 2901 1105 2972 poetes
1124 2891 1255 2956 coluisse

115 2996 270 3077 dicuutur,
290 2998 436 3060 Athen.l.
447 3019 481 3078 p.
490 2999 532 3057 22
541 2997 578 3075 Δ,
599 2993 639 3057 ad
651 2996 847 3056 incunabula
869 2995 945 3056 artis
966 2995 1081 3057 rectius
1102 2997 1256 3074 retuleris,

113 3099 200 3185 quod
229 3099 279 3162 illi
306 3098 431 3162 demum
458 3119 563 3163 terem
592 3099 769 3160 fabularum
794 3095 1049 3176 compositionem
1076 3099 1256 3176 effecerunt,

113 3203 171 3285 qui
200 3202 291 3264 binos
312 3202 479 3264 histriones
507 3211 580 3282 post
601 3198 790 3280 Aeschylum
819 3194 967 3257 adhibere
998 3207 1184 3275 coeperunt3
1212 3197 1256 3258 sic

112 3306 170 3368 illo
191 3318 334 3384 tempore
354 3322 419 3365 nou
442 3302 503 3364 dici
523 3314 655 3384 possunt
683 3300 842 3377 floruisse,
875 3318 944 3359 cum
973 3295 1141 3360 admodum
1169 3319 1256 3363 sense

113 3429 186 3470 cnm
203 3411 335 3486 juvenili
355 3416 449 3491 poe'te
471 3408 712 3486 contenderent,
741 3405 836 3490 idque
858 3405 989 3486 gloriae,
1011 3407 1098 3489 quod
1119 3407 1180 3471 sibi
1199 3429 1258 3491 per

114 3529 208 3572 omne
236 3513 320 3574 vitae
341 3513 477 3593 spatium
498 3523 771 3593 comparaverant,
802 3531 893 3590 segre
920 3511 1109 3574 obtinerent.
1153 3511 1258 3589 Quan-

113 3633 210 3696 quam
231 3615 363 3696 scriptio
385 3613 637 3693 Schneideri,
668 3614 724 3696 qui
754 3614 904 3674 hocloco
926 3613 1049 3675 laudari
1076 3616 1171 3693 solet,
1203 3616 1258 3678 vix

115 3715 260 3796 cuiquam
280 3728 424 3778 nostrum
445 3714 609 3778 sufficiet>
639 3711 726 3790 Ques
749 3735 818 3778 cum
838 3714 883 3776 ita
910 3715 987 3795 siut,
1016 3715 1193 3799 quaestioni
1219 3716 1257 3779 de

115 3815 235 3880 meritis
256 3840 365 3882 sorum
387 3819 533 3881 lacillime
555 3817 799 3898 supersedimus,
821 3820 963 3904 quemuis
985 3821 1092 3898 multe,
1116 3837 1197 3900 ques
1218 3817 1257 3878 ad

114 3941 183 3983 eom
204 3924 416 4005 pertinerent,
444 3925 628 3986 haberemus
650 3945 748 4008 caque
771 3945 790 3984 s
810 3921 1067 3986 Schneidero
1099 3940 1162 3982 uon
1184 3920 1257 3982 setis

110 4037 198 4086 recte
219 4027 388 4089 intellecta.
430 4028 542 4111 Neque
564 4029 639 4088 hacc
661 4039 707 4088 est
730 4045 822 4104 nova,
843 4036 897 4086 aut
918 4047 936 4086 a
958 4025 1049 4088 nobie
1067 4025 1194 4085 inventa
1212 4021 1259 4080 hi·

113 4128 231 4190 storiee
252 4126 376 4209 divisio,
398 4149 460 4213 que
481 4150 577 4210 genus
600 4133 639 4192 ab
656 4130 812 4211 Aeschylo
837 4129 955 4191 cultum
976 4149 994 4189 a
1015 4121 1180 4191 vetustiori
1201 4123 1258 4184 illo

113 4230 208 4310 plene
229 4234 432 4311 sejunximus.
475 4234 556 4296 Nam
574 4236 630 4317 qui
651 4235 838 4315 Aeschylum
859 4245 981 4314 petrem
1003 4224 1181 4306 tragoediae
1204 4245 1259 4288 vo·

115 4346 204 4413 caut,
225 4337 383 4400 Jacobs.
403 4338 532 4399 Anthol.
553 4339 578 4398 l.
599 4359 632 4418 p.
642 4341 716 4400 248.
748 4338 859 4398 Horat.
880 4337 948 4396 Art.
970 4333 1058 4392 Poe't.
1080 4330 1155 4396 274.
1185 4329 1260 4390 Phi·

114 4434 186 4497 lost.
208 4437 279 4500 Vit.
301 4439 448 4520 Apollon.
468 4438 540 4522 Vll.
561 4441 668 4520 pleb
680 4483 689 4516 ,
719 4457 780 4499 neu
802 4433 975 4516 praeclaros
997 4435 1062 4510 ejus
1082 4429 1190 4494 laudes
1209 4428 1259 4490 in·
