3044 4982
603 342 696 446 x51

107 539 162 590 aut
183 525 363 589 comoediae
383 524 558 607 adscripsit.
602 523 683 590 Nem
710 527 803 590 telem
828 527 963 591 Burdiui
991 527 1148 592 licentiam
1175 527 1262 592 vide-

108 650 189 707 mue,
211 630 270 712 qui
288 628 330 691 ad
344 629 508 710 Aristoph.
529 629 719 712 Thaemoph.
744 633 816 694 1⁷5.
835 632 1018 710 Philoclem,
1038 653 1057 694 a
1078 632 1175 697 Suida
1193 654 1218 696 e.
1231 656 1262 698 v.

110 731 261 817 ποιητήν
276 732 453 817 κωμῳδίας
474 732 679 810 nominatum,
704 732 834 795 liberius
858 728 1099 817 ιιωχιςοιλοποιόν
1121 737 1262 816 appella·

112 836 167 897 vit.
212 833 303 910 Quae
325 835 352 896 ei
374 839 552 912 conjectura
575 855 637 898 ιιοιι
662 836 865 916 improbabili
893 857 998 898 sumus
1025 838 1169 916 assecuti,
1199 838 1261 902 die·

109 939 216 1000 censio
234 938 350 1002 Suidae
375 938 491 1000 nullius
517 939 666 1001 momenti
691 952 747 1016 cat,
766 939 806 1002 ad
829 959 921 1022 quam
944 938 996 1001 isti
1014 953 1198 1019 provocent,
1222 940 1260 1003 de

108 1043 265 1120 Philocle,
276 1049 372 1122 poe‘ta
384 1042 511 1120 comico,
521 1043 696 1124 loquentes.
727 1041 788 1104 Sed
801 1043 979 1104 etiamnunc
990 1040 1144 1106 dubitatio
1162 1043 1260 1106 Mei-

109 1144 226 1207 nekii
242 1155 349 1222 restat,
363 1143 401 1206 dc
420 1165 483 1226 qua
494 1144 638 1225 pluribus
655 1143 802 1206 dicamus.
838 1143 900 1221 Qui
914 1162 1094 1226 quanquam
1105 1147 1162 1207 hac
1178 1146 1211 1208 in
1224 1167 1259 1208 re

113 1269 172 1310 uec
184 1248 388 1310 Scholiastam
404 1247 593 1310 audiendum
616 1269 673 1310 nec
695 1248 868 1331 quidquam
883 1259 937 1312 eut
950 1249 1073 1326 Suidm,
1092 1248 1260 1312 autEudo·

111 1353 178 1414 ciac
196 1349 400 1414 tribuendum
414 1372 480 1414 esse
499 1353 674 1430 intellexit,
696 1365 798 1415 tamen
821 1355 925 1415 locum
940 1353 1095 1416 Athenaei
1106 1353 1143 1414 11.
1163 1374 1196 1433 p.
1206 1353 1259 1414 66.

110 1457 151 1535 A,
164 1457 338 1520 Philoclem
355 1458 636 1535 commemorantia,
658 1457 702 1519 ita
719 1469 822 1520 censet
836 1478 901 1519 esea
919 1457 1130 1534 constitutum,
1145 1467 1186 1516 ut
1204 1475 1259 1516 ne·

110 1559 246 1622 cessario
263 1559 302 1622 de
325 1559 444 1624 comico
472 1560 571 1641 accipi
596 1558 717 1623 debeat.
752 1559 868 1622 Scribit
884 1578 960 1622 vero
978 1559 1156 1622 Athenaeus
1178 1559 1200 1620 l.
1219 1559 1257 1620 l.:

108 1655 368 1748 Ἀπολλόδωρος
379 1659 408 1730 d'
418 1656 436 1731 ὁ
449 1657 634 1748 Ἀθηναῖοι
644 1659 717 1732 οὐδ’
734 1657 918 1776 ὀνομάζειν
930 1655 1007 1728 τινοί
1021 1660 1088 1727 τῶν
1103 1661 1259 1726 παλαιῶν

113 1772 217 1848 φησιν
228 1767 420 1852 ἐγκέφαλον
436 1767 507 1833 Καί
515 1767 688 1850 Σοφοκλεα
698 1787 795 1849 χουν,
809 1769 846 1829 ἐν
861 1762 1058 1849 Τραχινίαις
1068 1755 1260 1884 ποιήσαντα

112 1859 177 1934 οόν
183 1862 352 1961 Ἠρακλέα
364 1869 555 1958 ῥιπτοῦντα
565 1867 626 1933 ate
636 1866 752 1953 Λίχαν
765 1868 797 1936 tr
808 1859 1000 1940 θάλασσαν,
1011 1855 1073 1930 otiu
1086 1853 1257 1942 ὀνοριιίοαι

109 1959 672 2074 ε’χκιφαλον,οίλλιίλιιιιιὸνιιοιλὸν,
677 1955 1257 2092 ἐκκλίνοντατὸμὴὄνοχιαζόιιινον
1330 2005 1332 2015 ·

239 2089 364 2176 Κίρκης
386 2091 422 2157 δὲ
443 2084 562 2156 trente
582 2079 712 2171 ιινσλὸν
733 2084 895 2167 ἐκραίνει,
913 2083 1020 2166 μέσον

237 2187 360 2276 κρατιίσ
380 2192 642 2274 διασπαρέντος,
665 2182 873 2306 αἴχιατόςθ’
895 2183 994 2268 ὅμου·

112 2293 221 2360 καίτοι
255 2292 363 2362 κᾶλλοι
393 2287 618 2381 διαρρήδην
600 2285 830 2374 ονομσίσαντα
880 2287 952 2352 Καί
982 2281 1176 2370 Εὐριπίδης
1207 2286 1255 2363 δὲ,

110 2421 174 2479 την
194 2395 354 2483 Εκιίβην
374 2395 574 2481 θρηνοῦσαν
596 2391 784 2480 ιίσαχαχών
812 2383 875 2459 τὸν
903 2385 1162 2502 Ἀστυάνακτα,
1182 2381 1254 2456 aiod

110 2503 177 2567 τῶν
197 2493 377 2584 Ἑλλήνων
397 2497 558 2586 ῥιφέντα,
580 2496 670 2582 φησί·

239 2597 408 2685 Ariosque,
431 2592 550 2686 κρατὸς
570 2623 613 2672 τις
636 2597 663 2666 ο
685 2603 812 2683 σ”ιισιριν
834 2591 961 2670 ἀθλίοις
1036 2629 1039 2636 ’

239 2705 335 2794 τρίχη
356 2727 515 2789 πατρῳα,
536 2699 665 2780 Λοξίαν
687 2692 915 2786 πυργώματα,

239 2803 280 2872 ὃν
304 2798 399 2872 πόλλ’
419 2795 611 2890 ludhardo}
634 2805 776 2870 τεκοῦσα
800 2795 1011 2888 βόστρυχον,

241 2903 432 2994 φιλήμασίν
452 2901 480 2972 τ’
504 2904 640 2972 ἔδωκαν·
661 2911 768 2972 ἔνθεν
787 2903 905 2987 ἐκγελᾷ

236 3007 360 3076 ὀστέων
383 3008 556 3099 ραχίντιιν
576 3001 698 3091 φόνος,
720 2997 763 3070 ἵν’
787 3000 904 3089 αἰσχροὶ
926 2999 977 3086 μή
1000 3003 1092 3086 λίχω.

106 3110 203 3202 Ἔχει
219 3111 261 3178 ’δὲ
281 3112 482 3178 ἐπιστασίαν
502 3102 525 3195 ἦ
548 3112 614 3176 τῶν
636 3103 838 3189 ποιημάτιον
859 3099 990 3170 τούτων
1012 3099 1141 3187 ἐκδοχή.
1183 3100 1253 3166 Καί

109 3210 172 3299 yle
198 3214 365 3298 Φιλοκλῆς
386 3238 423 3279 τι
444 3205 627 3300 ἐγκέφαλόν
650 3226 769 3292 φησιν·

241 3308 325 3384 Οὐιί
350 3311 393 3384 dv
418 3316 602 3401 ἐγκέφαλον
623 3317 735 3380 ἔσθων
758 3310 862 3376 λίποι.

111 3420 181 3487 Καί
204 3414 476 3502 Ἀριστοφάνης·
561 3459 565 3468 ·

236 3510 461 3602 Ἀπολίσαιιί
484 3512 528 3586 οἳν
549 3518 732 3602 ἐγκέφαλον
753 3515 842 3600 θρίω
863 3508 942 3581 ιλιίο·

111 3622 163 3690 καλ
187 3620 294 3690 ἄλλοι.
337 3619 553 3704 Apollodorus
580 3620 679 3700 igitur
700 3616 911 3694 Atheniensis,
932 3611 1057 3675 auditor
1079 3611 1254 3676 Aristarchi

113 3738 204 3808 atque
227 3725 375 3803 Panaetii,
397 3722 474 3788 Suid
498 3744 522 3786 e.
544 3745 575 3786 v.
567 3767 592 3801 .,
613 3722 769 3785 nemiuem
792 3732 932 3783 veterum
953 3724 1116 3798 petitarum
1147 3711 1255 3775 docuit

113 3849 216 3893 vocem
251 3827 437 3913 ἐγκέφαλον
473 3827 668 3905 adhibuisse,
707 3825 854 3909 quoniam
884 3822 1046 3884 cerebrum
1082 3815 1252 3894 Sophocleo

110 3931 255 3993 Trachin.
279 3933 338 3993 781
365 3923 483 3998 taenio
504 3922 632 4014 μοσλόν
654 3938 810 4004 vocasset,
831 3920 998 4002 Euripides
1016 3929 1120 3981 autem
1135 3912 1253 3978 Troad.

113 4037 194 4097 1176
215 4032 390 4117 prudenter
414 4032 567 4094 noluisset
587 4032 759 4114 appellare.
804 4027 987 4108 Quanquam
1013 4039 1115 4102 neque
1138 4040 1156 4077 a
1179 4016 1252 4077 Phi·

110 4139 187 4202 locle
209 4135 243 4199 id
266 4137 453 4200 vocabulum
476 4155 541 4197 csse
564 4133 742 4216 depulsum,
765 4151 867 4215 neque
889 4131 927 4192 ab
942 4125 1151 4204 Aristophane
1172 4119 1251 4179 Rau.

112 4237 595 4322 134.1taquemeinekiue
624 4259 692 4298 cum
720 4237 802 4298 hunc
826 4231 978 4296 Athenaei
998 4213 1168 4289 Philoclem
1192 4219 1251 4280 sihi

113 4343 261 4406 comicum
283 4342 374 4422 fingit
394 4341 491 4423 idque
514 4352 617 4402 censet
641 4340 714 4403 inde
735 4337 909 4402 necessario
931 4328 1108 4412 eeqm,aut
1128 4321 1251 4408 inipso

112 4445 254 4508 vocabuli
276 4464 352 4528 usu,
380 4454 433 4504 aut
466 4442 498 4504 in
523 4461 631 4506 versus
660 4442 764 4503 colore
796 4434 915 4518 aliquid
944 4428 1052 4494 comici
1085 4424 1251 4499 invenerit,
1332 4514 1338 4518 ι

918 4543 964 4610 4*
