3048 4998
121 495 155 554 et
177 485 419 556 Anaxaudrides
441 486 474 554 in
496 486 662 580 Aesohra
729 549 733 555 .

186 627 227 645 «-
270 628 313 646 -·
356 629 398 642 -
441 591 877 683 ἐνπυρικτίτοιτιγιίς

189 693 360 786 ,Τιμόθεος
381 697 447 787 ἔφη
468 696 559 784 πότ’,
589 697 801 791 dirimenda
820 695 956 789 γότραν,
978 689 1084 786 οἶμαι,
1108 705 1220 788 λέγειν.

121 805 188 878 Cir.
213 805 255 874 de
274 803 325 876 his
344 815 380 876 et
399 806 615 878 subtilioribus
638 811 734 876 etiarn
755 807 940 897 lyricorum
958 819 1127 898 poetarum
1146 813 1283 901 ineptiis,

120 934 142 978 a
171 912 314 982 Cornicis
348 913 460 982 derisio
490 914 685 984 Meiuebium
718 916 759 984 de
794 913 921 984 mediae
953 916 1143 984 comoediae
1176 916 1284 988 indole

72 1095 81 1106 ¹
119 1018 352 1110 disputantem,
380 1020 416 1088 in
446 1018 555 1090 histor.
584 1026 651 1092 erit
679 1044 709 1114 p.
732 1021 796 1088 285
817 1045 904 1113 sqq„
935 1020 989 1090 ubi
1019 1023 1062 1111 (p.
1084 1022 1161 1106 278)
1189 1021 1285 1092 simui

117 1123 199 1192 illud
218 1147 297 1217 prae
319 1127 434 1193 ceteris
456 1136 548 1218 putat
569 1127 889 1194 commemorandum
909 1125 1017 1216 „quod
1040 1149 1078 1196 ea
1099 1128 1167 1196 iere
1188 1121 1283 1217 arg‘u-

118 1240 231 1300 menta
251 1231 404 1322 singulari
426 1256 501 1304 cum
522 1233 628 1304 studio
658 1237 727 1326 ejus
750 1235 861 1304 aetatis
889 1243 1012 1324 poetae.
1032 1233 1092 1302 sibi
1118 1232 1285 1302 tractanda

120 1339 334 1429 sumpserint,
366 1361 450 1430 quae
481 1339 617 1412 storum
646 1349 816 1431 poetarum
849 1340 1054 1430 maximeque
1088 1340 1285 1430 tragicorum

119 1446 265 1514 carmina
287 1445 428 1537 quodam
451 1448 542 1537 quasi
567 1448 720 1537 parodiae
747 1445 823 1516 lusu
849 1445 1070 1528 traducerent,
1100 1456 1134 1513 et
1161 1445 1284 1516 tabulas

122 1553 162 1619 ab
185 1553 322 1643 antiquis
344 1554 448 1642 postis
476 1555 607 1622 traditas
637 1553 677 1620 ad
697 1552 806 1622 lusum
824 1555 1000 1644 jocumque
1024 1551 1285 1644 detorquerent.”

122 1657 188 1726 cn.
210 1667 388 1751 praeterea,
410 1681 493 1752 quae
515 1683 546 1750 p.
568 1661 632 1726 279
654 1659 694 1730 de
713 1658 890 1749 Hermippo
914 1657 998 1724 dicit.

157 1865 165 1870 ’
206 1871 260 1939 Ex
286 1870 460 1938 harmoniis
497 1872 704 1964 dithyrambis
734 1873 876 1963 Phrygia
909 1872 1073 1960 aptissima
1100 1871 1287 1953 habebatur,

121 1978 226 2044 nomis
248 1975 361 2067 Lydia.
395 1978 501 2046 Procl.
520 1978 700 2046 Chrestom.
719 2002 750 2067 p.
765 1978 829 2044 419
845 2001 892 2067 sq.
917 1975 1015 2066 (Lips.
1032 1979 1134 2062 1832).
1158 1975 1198 2043 οὐ
1219 1974 1287 2062 μὴν

123 2081 288 2149 nitidant
310 2087 382 2161 ταῖς
404 2081 581 2172 ἁρμονίαις
600 2079 731 2162 οἰκείοις
752 2079 901 2171 ἑκάτερος
926 2083 1058 2169 χρῆται.
1102 2079 1119 2147 ό
1141 2087 1203 2168 μὲν
1224 2080 1288 2169 γὰρ

122 2188 182 2256 τόν
201 2187 349 2278 Φρύγιον
369 2195 427 2258 καὶ
450 2189 658 2280 ὑποφρύγιον
678 2188 872 2277 ἁρμόζεται·
896 2186 914 2254 ό
930 2186 1030 2276 νόμος
1048 2191 1083 2256 δὲ
1103 2193 1146 2280 τῷ
1165 2188 1289 2271 συστή-

123 2321 206 2385 ματι
230 2299 273 2387 τῷ
294 2298 361 2363 τῶν
382 2299 587 2388 κιθαρῳδῶν
608 2298 733 2386 Λαιλίῳ.
766 2295 954 2363 Aristoteles
977 2297 1071 2364 Polit.
1092 2297 1173 2379 thl,
1195 2301 1225 2379 7,
1248 2299 1289 2362 12

124 2410 166 2494 (p.
182 2405 285 2489 1342).
309 2396 386 2487 οἷονΙ
404 2402 423 2470 ό
445 2407 661 2493 διθύραμβος
682 2401 973 2492 όμολοαγουμένως
988 2391 1073 2468 εἶναι
1089 2404 1181 2469 δοκεῖ
1195 2399 1289 2491 Φρό-

122 2532 208 2600 γιον.
257 2511 323 2579 cfr.
350 2511 534 2580 Boeckhius
560 2512 600 2578 ad
627 2511 754 2579 Platon.
777 2511 852 2578 Min.
875 2533 905 2601 p.
927 2511 970 2577 26
994 2521 1026 2578 et
1047 2510 1139 2580 dMP.
1163 2534 1193 2599 p.
1215 2511 1288 2576 239.

122 2617 234 2708 Itaque
256 2615 431 2707 Phrygiam
458 2619 659 2686 harmoniam
686 2641 763 2709 prae
793 2618 908 2685 ceteris
930 2617 1041 2684 laudat
1062 2616 1209 2684 Telestes
1239 2641 1289 2708 ap.

124 2723 239 2792 Athen.
261 2722 352 2805 XIV,
373 2746 403 2813 p.
426 2726 489 2790 617
511 2726 551 2805 Β,
578 2724 667 2807 XIV,
689 2748 720 2813 p.
743 2725 807 2789 626
829 2729 866 2791 A.
916 2724 1152 2791 Admittebatur
1182 2734 1290 2790 tamen

126 2833 222 2900 etiam
236 2829 420 2912 Doria¹⁸²)
446 2829 621 2912 harmonia3
645 2852 728 2920 quae
744 2813 860 2896 tamen'
869 2828 1075 2917 dithyrambis
1094 2838 1160 2894 tam
1177 2853 1291 2918 parum

126 2947 196 3006 erat
223 2947 312 3028 apta,
342 2944 377 3001 ut
397 2934 595 3002 Philoxenus
619 2958 718 3025 quum
738 2935 875 3021 δωριστὶ
897 2958 1092 3027 componere
1116 2934 1290 3024 dithyram-

125 3044 203 3111 bum
218 3041 327 3124 vellet,
345 3043 464 3108 invitus
477 3043 510 3107 in
522 3039 700 3130 Phrygium
714 3041 849 3107 modum
862 3040 1070 3131 abriperetur.
1094 3041 1220 3107 Aristot.
1233 3040 1253 3106 l.
1267 3039 1289 3105 1.

125 3151 277 3217 Attamen
304 3148 505 3215 Simonidem
536 3149 655 3214 scimus
692 3146 899 3237 dithyrambis
927 3146 1062 3213 Doriarn
1088 3145 1290 3214 harmoniam

127 3254 400 3323 accommodasse.
451 3254 568 3322 Varios
598 3252 711 3320 modos
745 3253 937 3321 carminibus
965 3254 1031 3320 suis
1059 3261 1171 3341 poetas
1201 3251 1290 3318 adhi-

125 3362 233 3430 buisse
255 3359 503 3451 dithyrambieos
525 3383 584 3451 per
604 3385 640 3426 se
662 3368 750 3449 patet
772 3383 813 3425 ex
835 3357 883 3425 his
907 3381 989 3448 quae
1011 3382 1108 3448 supra
1132 3358 1171 3424 de
1188 3381 1289 3442 μετα·
1385 3356 1388 3364 ’

126 3467 212 3560 βολῇ
232 3464 394 3554 ἁρμονίας
416 3466 663 3556 disputavimus;
685 3465 743 3532 sed
766 3465 882 3532 diserte
905 3473 1039 3531 testatur
1053 3464 1138 3531 idem
1154 3464 1290 3556 Dionys.

129 3574 233 3642 Habe.
256 3572 295 3641 de
318 3571 433 3662 Comp.
456 3571 575 3676 Verbb.
598 3597 627 3663 p.
656 3573 712 3639 131
736 3571 845 3640 Reisk.
868 3575 908 3662 (p.
932 3572 996 3636 262
1016 3570 1166 3658 Sabaei).
1200 3575 1232 3639 ot
1254 3573 1290 3637 δέ

130 3703 166 3765 γε
194 3679 483 3768 διθυραμβοποιοὶ
510 3681 566 3741 καὶ
595 3680 671 3757 τοὺς
698 3673 840 3767 τρόπους
866 3679 1069 3761 μετέβαλλον
1091 3678 1235 3764 Δωρίους
1256 3702 1290 3742 τε

130 3789 188 3853 καὶ
203 3785 369 3872 Φρυγίους
384 3785 441 3848 καὶ
452 3781 598 3860 Λυδίους
620 3785 655 3848 ἐν
677 3785 722 3875 τῷ
745 3784 858 3875 [αὐτῷ]
882 3782 1011 3874 ᾄσματι
1033 3786 1212 3868 ποιοῦντες,
1234 3787 1291 3849 καὶ

131 3891 192 3970 τὰς
207 3888 372 3976 μελιαδέος
388 3887 596 3972 ἐξήλλαττον,
620 3888 692 3954 τότε
708 3897 769 3978 μὲν
785 3889 1000 3978 ἐναρμονίους
1017 3891 1196 3971 ποιοῦντες,
1218 3889 1292 3956 τότε

130 3999 165 4064 δέ
183 3998 424 4089 χρυματικοός,
457 3992 530 4062 τότε
558 3997 592 4064 di
624 3995 808 4074 διατόνους.
846 4000 901 4063 καὶ
933 4001 999 4073 τοῖς
1029 3999 1177 4087 ῥυθμοῖς
1205 4006 1291 4063 κατὰ

130 4105 256 4186 πολλὴν
267 4101 385 4170 ἄδειαν
401 4098 676 4186 ἐνεξουσιάζοντες
694 4104 866 4171 διετέλουν.
902 4104 936 4171 οἳ
954 4127 990 4189 γε
1013 4103 1054 4181 δὴ
1077 4102 1161 4168 κατὰ
1188 4101 1289 4170 ‹bato-

170 4335 217 4401 ¹³²)
235 4339 316 4390 Falso
329 4339 437 4391 Passon
452 4336 479 4388 in
491 4335 583 4390 Lexie.
599 4335 677 4390 Tem.
690 4337 708 4390 Ι.
720 4353 744 4403 p.
756 4337 808 4390 542
820 4339 935 4399 »αππιαν
948 4337 976 4388 tn
985 4335 1159 4403 pompantes
1174 4341 1292 4394 Weiso.''

1027 4426 1091 4488 18*
