3076 4998
789 305 863 378 190

257 495 420 584 χέοιοια,
449 487 602 574 deridete
623 483 668 556 ἄν
690 483 729 555 εὖ
750 488 883 571 φρονῶν
911 480 987 560 tede
1014 482 1190 588 δράματος
1214 485 1278 552 τοῦ
1303 484 1402 552 out·

258 579 362 652 nudor
383 582 430 650 εἰς
453 570 560 642 activo*
579 573 720 648 ουυθιὶς
739 571 780 638 eoi
797 569 915 646 'quoc
939 567 1146 654 α’τιριηοοιτο
1170 573 1265 653 ἐξὴςς
1315 569 1402 646 Quo-

258 667 339 727 circa
360 664 392 725 in
414 662 526 724 tabulis
547 659 630 724 lonis
652 679 830 743 quenquam
851 659 963 738 polita,¹
980 656 1147 718 artificiosa
1168 655 1402 740 aequabilisque

258 753 443 832 plerumque
475 747 575 810 oratio
605 744 685 823 luit,
714 756 817 812 temen
839 746 979 824 poeticus
999 741 1054 802 ille
1076 760 1184 804 succus
1206 740 1405 803 desideraba-

258 849 329 912 tur,
345 856 396 898 ,ex
417 851 482 916 quo
503 831 697 911 ingeniosum
718 830 868 892 artificem
890 826 1112 906 cognoscimus.
1159 826 1220 888 Sed
1244 847 1309 908 quo
1330 829 1404 889 iaci-

258 923 321 984 lius
343 941 409 984 eam
432 929 545 982 ornatu
568 916 675 996 gracili
700 927 799 998 atquo
815 915 951 992 jnouudo
972 913 1195 994 distingueret,
1225 933 1327 994 neque
1348 936 1404 977 su·

260 1008 350 1070 daces
371 1005 486 1084 figures
511 1002 695 1078 admittere,
725 1022 828 1084 neque
857 1020 954 1064 novas
982 1007 1074 1062 voees
1102 999 1269 1076 effingere,
1301 1020 1403 1082 neth

261 1111 328 1168 eas,
351 1111 429 1174 qnae
451 1089 547 1169 epicis
571 1087 760 1151 carminibus
782 1087 930 1168 propriae
952 1099 1058 1161 erant,
1085 1083 1118 1146 in
1140 1083 1333 1161 tragoediam
1353 1107 1405 1146 re·

261 1178 365 1258 cipere
395 1175 560 1238 dubitavit.
614 1173 696 1236 Sunt
725 1186 829 1235 antem
857 1175 932 1234 haec
961 1171 1090 1234 rarioris
1120 1170 1290 1250 specimina
1319 1190 1403 1247 usus,

261 1283 340 1345 quse
364 1265 404 1324 ob
425 1261 598 1324 novitatem
621 1259 752 1340 reliquit
773 1259 954 1340 antiquitas.
1004 1257 1151 1320 Animum
1173 1257 1317 1316 hebetem
1342 1257 1406 1322 ιιιι-

260 1345 457 1430 ιοῖφροιιιιου
479 1347 578 1425 dixit3
599 1343 685 1427 qnod
705 1365 820 1408 nautea
843 1343 971 1425 proprie
998 1343 1203 1404 deeimarum
1224 1352 1405 1420 tegumento

154 1507 157 1525 ι
261 1431 482 1512 Thucydidi,
506 1436 561 1508 10,
591 1432 641 1492 vel
661 1430 833 1492 inclusione
852 1427 950 1510 soph.
971 1429 1078 1508 Antig.
1100 1430 1166 1490 958
1187 1426 1408 1500 adhibebatur:

262 1519 397 1599 Hesyclr.
415 1537 440 1578 a.
461 1539 492 1580 ι.
516 1513 763 1597 καταφράκτοις
785 1529 915 1602 ψυχαῖς,
934 1528 1010 1588 τοῖς
1031 1513 1325 1593 ἐπιοιιοιιομέυιιις
1347 1511 1405 1578 eui

262 1600 313 1686 ny*
334 1599 372 1668 'tl
390 1602 523 1684 ’μέλλον
547 1599 697 1672 ettotam.
740 1595 822 1666 'Ius
857 1597 1028 1686 Αλκμῆιιῃ
1048 1600 1197 1660 Juvenem
1219 1595 1407 1696 psiuyypt..

263 1711 327 1770 aqu
346 1685 529 1767 appellavit,
550 1698 699 1767 tanquam
721 1683 750 1746 is
772 1685 859 1746 color
880 1685 1064 1764 capillorum
1084 1683 1254 1760 juventutis
1276 1699 1406 1744 omnmo
1512 1693 1514 1695 ’

263 1774 412 1852 proprius
435 1784 525 1836 esset.
575 1771 656 1834 Nem
683 1790 757 1834 vora
779 1769 856 1832 mihi
878 1770 1006 1833 videtur
1030 1771 1140 1845 lectio,
1170 1789 1263 1851 quam
1291 1769 1409 1829 Bent-

263 1860 367 1934 tejas
386 1857 544 1940 Hesychia
566 1877 591 1920 s.
613 1877 645 1920 v.
666 1852 894 1942 μιλιὶγχιιουι
923 1852 1057 1941 μεγάλῳ
1077 1854 1225 1939 δράματι
1246 1848 1316 1920 siud
1338 1853 1407 1919 τῶν

264 1937 470 2030 ἀνθρώποιο·
493 1939 566 2011 aloe
581 1938 798 2023 ἀκμάζουσαν
814 1940 953 2002 restituit
974 1941 1217 2042 μελαγχαίτην·
1234 1934 1315 2005 'Ius
1333 1940 1407 2002 Ms-

264 2024 355 2113 yoiip
377 2021 535 2112 δράματι.
578 2024 694 2106 Opusc.
722 2047 753 2106 p.
772 2028 859 2088 497>
891 2027 968 2088 Item
997 2020 1225 2106 ὀυοιαζιοθαι
1254 2022 1293 2086 ed
1320 2022 1407 2084 diru-

265 2112 381 2174 tionem
403 2112 579 2189 transtulit,
612 2131 681 2172 cum
705 2108 744 2171 de
767 2111 914 2173 conviciis
937 2113 1031 2189 vulgo
1054 2109 1220 2172 diceretur.
1271 2109 1407 2188 Hesych.

265 2218 290 2259 s.
304 2219 335 2260 v.
354 2192 593 2282 ὀνοτοζομέυη,
614 2194 851 2281 πορθουμένη·
870 2194 950 2263 'Iter
963 2193 1108 2284 Μεγάλῳ
1124 2194 1285 2278 δράματι.
1315 2196 1407 2256 ΡΙιοι.

195 2296 201 2304 ·
264 2284 342 2345 Lex.
365 2304 397 2363 p.
417 2286 491 2347 339.
533 2283 650 2346 Lenem
670 2300 830 2358 somnum,
858 2281 914 2363 qui
935 2282 1041 2361 gravi,
1066 2282 1118 2345 rel
1136 2281 1203 2343 elto
1223 2280 1407 2360 opponitur,

266 2367 416 2434 usdaudo
427 2369 563 2433 vocavit.
595 2367 730 2448 Hesych.
743 2386 767 2428 s.
779 2387 809 2428 v.
828 2368 961 2453 usdaspi
978 2363 1090 2454 ὕπνῳ,
1100 2360 1267 2450 inscienti,
1284 2358 1408 2448 κούφῳ.

261 2450 343 2518 Ἴου
354 2447 603 2538 Ἀγαμέμνονι.
637 2451 772 2515 Gravius
783 2471 859 2516 uoce
871 2454 1090 2536 πυργοῠσθοι
1101 2450 1300 2525 offendimur,
1314 2469 1407 2534 qnam

266 2535 305 2600 de
333 2538 419 2601 omni
448 2537 691 2601 confirmationis
720 2558 833 2616 genere
861 2537 1037 2618 usurpavit.
1087 2536 1174 2600 Sext.
1194 2537 1314 2616 Empir.
1336 2534 1407 2596 ndu.

267 2623 418 2684 lllathem.
439 2624 475 2701 ll,
497 2629 550 2686 24.
593 2623 800 2704 Spanlrem.
826 2621 864 2684 ad
885 2623 1000 2684 Julian.
1021 2620 1107 2686 Orat.
1128 2623 1153 2684 l.
1173 2645 1207 2704 p.
1230 2626 1301 2684 125.
1325 2621 1409 2692 ‚Ne-

268 2729 329 2790 que
351 2710 452 2770 solum
474 2709 506 2769 in
531 2709 784 2771 conformatione
798 2711 971 2786 novorum,
992 2707 1046 2770 sed
1069 2710 1161 2770 etiam
1183 2710 1214 2769 in
1236 2707 1411 2768 mutatione

267 2794 442 2872 vulgarium
463 2797 688 2858 vocabulorum
709 2815 773 2857 non
795 2815 903 2857 omnes
925 2793 1047 2875 depulit
1064 2795 1270 2878 proprietates
1285 2793 1409 2854 lonicae

268 2878 405 2941 dialecti.
446 2879 526 2942 Nam
550 2880 684 2960 nominis
706 2876 907 2965 ουίιὲγηποι,
929 2878 1013 2963 quod
1035 2901 1095 2960 pro
1118 2875 1336 2962 αὐιὰριυιιος,
1357 2880 1411 2940 vel

268 2957 425 3046 αὐθάδης
445 2966 681 3043 edltibuit,.nisi
702 2965 789 3046 apud
809 2967 1048 3043 Anacreonteru‚
1072 2967 1207 3030 alterum
1230 2965 1410 3044 exemplum

268 3069 332 3112 non
356 3060 467 3114 exstat.
509 3053 645 3134 Hesycls.
665 3073 690 3114 s.
712 3071 744 3114 υ.
787 3051 860 3112 Peri
881 3049 975 3114 modo
998 3049 1200 3118 nevidunus
1220 3050 1253 3112 in
1276 3048 1410 3128 dialogo,

269 3137 383 3197 Athen.
405 3137 475 3200 Vll.
496 3160 527 3219 p.
548 3142 628 3218 3183
651 3139 683 3198 in
706 3137 810 3221 aliqua
832 3133 1226 3218 chuniperte‚Scl10l.-ad
1250 3135 1411 3214 Aristopln

269 3216 347 3283 Ran.
365 3223 438 3298 706,
460 3225 622 3300 πολιῆται
647 3222 740 3285 dixit.
781 3223 855 3284 Non
875 3223 964 3284 facile
986 3223 1102 3284 multos
1124 3220 1292 3302 scriptores
1314 3221 1411 3282 Grae-

270 3327 321 3367 cos
343 3307 481 3368 melioris
504 3321 595 3369 notae
617 3307 791 3386 inveneris,
821 3308 875 3390 qui
897 3329 967 3370 cum
988 3309 1063 3370 lone
1085 3308 1196 3394 χλῖδυς
1223 3327 1282 3387 pro
1304 3298 1413 3394 χλιδὴ,

269 3388 377 3475 &auem
398 3411 459 3470 ΡΝ
478 3384 614 3476 diripere,
633 3391 772 3482 χελιδών
793 3396 965 3458 masculino
982 3413 1105 3473 genere,
1127 3386 1329 3475 dyrpessticpe
1349 3409 1411 3470 pro

270 3470 485 3556 πιριβὸηοος,
505 3473 678 3561 ιιριολςοής
697 3497 758 3564 pro
778 3483 916 3559 ὅυοιμος
937 3479 1084 3555 dixerint,
1106 3479 1161 3558 qui
1183 3477 1337 3554 virginem
1355 3495 1414 3538 vo·-

271 3560 369 3621 cariflt
388 3557 554 3644 ἁθίιιιοροι
565 3610 576 3642 ,
595 3563 714 3646 quique
729 3565 827 3625 verbo
846 3559 1123 3646 ἐπιξεργοῖζεοθιιι
1142 3563 1191 3624 usi
1213 3563 1291 3639 sint,
1314 3582 1412 3644 ptan-

270 3667 361 3728 qnam
383 3647 443 3709 hoc
462 3648 556 3709 ¹etiam
577 3648 746 3728 Sophocles
769 3649 874 3728 Antig.
892 3653 974 3711 1288
997 3651 1100 3711 habet.
1144 3647 1231 3723 Quae
1253 3645 1413 3728 epicorum

270 3733 593 3814 earminumproprin
617 3735 757 3811 luerent,
787 3737 820 3797 in
850 3734 1037 3814 tragoediam
1059 3732 1171 3794 latiore
1197 3752 1255 3794 usu
1282 3733 1414 3812 recepit.

272 3816 542 3892 Quemadmodum
564 3821 717 3882 Homerus
739 3833 840 3882 terres
863 3821 1005 3898 ζαθέους
1026 3831 1126 3895 vocat,
1149 3820 1243 3880 llum.
1262 3818 1300 3879 ll.
1318 3819 1343 3894 l,
1356 3821 1413 3894 383

271 3905 308 3976 ll,
322 3907 403 3982 5203
423 3905 550 3967 lo-ve'ro
564 3905 759 3968 dannomine
772 3907 885 3986 poeula
899 3903 1046 3986 appellat.
1067 3907 1181 3966 Athen.
1192 3906 1249 3965 xt.
1260 3905 1414 3983 pleon.

270 3991 386 4052 Procne
409 4001 442 4052 et
462 3993 623 4072 cyclopas,
651 4011 761 4070 magne
781 3994 854 4053 illos
875 3991 1041 4052 insolentia
1062 3991 1212 4066 famosos,
1241 3983 1414 4071 ὑπερφιά-

271 4077 349 4148 λους
371 4077 424 4136 ille
446 4089 621 4160 nuncupat3
653 4079 703 4138 nic
725 4076 853 4138 eandem
875 4077 1132 4157 proprietatem,
1147 4087 1181 4136 ut
1203 4073 1283 4136 lenti
1305 4092 1416 4154 super·

271 4161 356 4262 biae,
379 4163 455 4224 vino
475 4163 597 4226 tribuit.
638 4165 753 4225 Athon.
775 4163 801 4224 l.‘
820 4164 842 4224 l.
884 4163 964 4224 ltem
986 4162 1118 4225 lormam
1140 4155 1259 4244 κυδρός
1281 4161 1373 4224 habet
1398 4181 1415 4218 a

272 4266 378 4325 epicis.
