3072 5012
456 1385 903 1508 aemnunnmus

99 1838 301 1984 Polyidum
333 1897 426 1986 sequi
462 1893 599 1964 debebat
630 1893 777 1962 Telestes
806 1893 1021 1979 Selinuntius,
1058 1895 1265 1988 dithyrambi-

100 2021 232 2083 corum‚
265 2002 298 2068 in
318 2000 463 2068 'Diodori
490 2024 615 2070 canone
645 2010 791 2094 quartus,
826 2023 890 2092 quo
920 2002 974 2084 de,
1005 2005 1151 2094 quamvis
1177 2006 1265 2074 haud

21 2143 25 2174 ι
99 2107 233 2199 ignobili
259 2117 365 2199 poeta,
387 2108 541 2198 singulam
562 2119 681 2176 tamen*
694 2109 799 2198 capite
823 2108 985 2199 disputare
1001 2109 1178 2201 supersedi,
1197 2133 1265 2180 non

27 2301 34 2311 ι
98 2225 169 2282 tam
196 2214 284 2306 quod
312 2215 506 2305 aBipparto
530 2214 549 2282 l.
572 2213 593 2282 l.
614 2239 645 2307 p.
668 2215 809 2296 82-98,
843 2237 927 2306 quiae
953 2216 1090 2284 dicenda
1120 2218 1265 2301 luissent,

98 2332 338 2413 praeoccupata
359 2331 476 2388 cuncta
498 2331 583 2405 sunt,
606 2345 703 2412 quam
726 2321 813 2412 qnod
830 2321 1026 2390 Mainalium
1047 2323 1149 2391 senius
1172 2325 1264 2391 ocius

99 2425 227 2496 conlido
254 2437 415 2506 staturum
445 2451 517 2498 esse
547 2429 713 2519 promissis
746 2427 787 2495 ad
818 2428 944 2498 Comm.
974 2427 1101 2520 Fragm.
1130 2427 1205 2499 Vol.
1228 2429 1264 2514 ll,

97 2537 174 2625 2p.
196 2537 267 2602 793.

185 2639 360 2732 Reliquum
384 2650 489 2708 estut
517 2639 558 2706 ad
578 2648 695 2730 poetas
718 2639 890 2708 nonnullos
912 2641 1159 2710 subillustriores
1181 2667 1263 2734 pau-

97 2747 203 2816 lulum
226 2747 374 2815 deflectat
401 2747 679 2816 commentationis
700 2747 880 2815 institutum
899 2749 975 2831 iter,
998 2749 1153 2815 Cecidam
1181 2751 1264 2833 dico,

97 2853 335 2946 Lampo-oolam,
357 2852 531 2934 Cinesiam,
553 2851 798 2942 Hieronymum,
820 2854 1055 2942 Antigenidam,
1086 2855 1114 2919 si
1132 2854 1264 2944 quidem

92 2965 170 3053 jure
185 2961 237 3028 hic
251 2960 439 3030 melicorum
457 2957 547 3050 gregi
563 2958 840 3044 intermiscebitur.
865 2943 1023 3050 blamque
1040 2959 1151 3026 Ionem
1170 2963 1263 3052 cujus

97 3070 128 3154 §.
152 3067 173 3133 5
194 3069 391 3134 mentionem
419 3067 495 3146 leci,
529 3064 767 3134 subillustn'on's
786 3066 904 3152 „lamae
925 3063 1105 3135 hominbus
1129 3066 1262 3158 ademp-

95 3185 183 3256 tum,
217 3173 312 3240 valde
349 3170 568 3242 admirabilem
600 3181 731 3262 poetam
766 3170 989 3262 versatilisque
1017 3172 1138 3262 ingenii
1168 3173 1263 3242 lucu-

96 3280 312 3347 lentissimum
347 3278 577 3348 documentum
610 3279 724 3344 merito
759 3275 961 3344 adumbravit
994 3277 1262 3348 Schneidewinus

96 3387 234 3454 Exercc.
267 3387 359 3454 Criu.
382 3409 451 3476 cap.
475 3383 532 3469 Xl,
554 3409 583 3476 p.
607 3385 658 3452 63.
708 3385 766 3452 His
791 3387 888 3474 igitur
917 3381 1150 3475 subsequentes
1182 3409 1261 3454 con-

96 3494 256 3562 cessimus
279 3491 508 3582 Epipbyllides.
549 3500 553 3508 '

668 3795 690 3867 1.

404 3921 466 3994 ou
496 3919 642 3996 olom
677 3921 739 3994 nu
767 3889 955 3997 onum.

133 4155 140 4168 ·
184 4121 307 4212 Cydias
330 4123 476 4188 notitiam
497 4123 618 4214 piimus
650 4118 733 4190 God.
754 4121 982 4212 Bernhardyus
1012 4121 1261 4191 communicavit

97 4252 172 4300 cum
200 4228 396 4298 Buttmanno
427 4228 468 4298 ad
495 4227 577 4296 Plot.
606 4227 769 4296 Charmid.
792 4253 822 4319 p.
845 4228 906 4296 155
928 4227 975 4310 D;
1010 4249 1107 4318 quem
1134 4237 1262 4318 praeter

98 4338 152 4406 clu.
176 4335 330 4408 Nicolaue
353 4334 493 4406 Baebius
516 4333 660 4404 Philotae
681 4337 793 4426 fragm.
812 4359 842 4424 p.
854 4335 927 4400 266.
962 4332 996 4400 F.
1020 4332 1059 4402 G.
1082 4333 1260 4406 Schneide-
