3044 4982
815 294 868 368 44

264 489 453 567 carminum,
481 509 561 571 quae
582 484 747 550 monodiae
769 487 1028 568 appellabantur,
1049 498 1081 549 et
1102 484 1287 549 mirabilitas
1309 486 1416 550 exitus

264 593 420 675 pertinet,
442 593 567 675 qualem
588 589 741 652 Philocles
764 590 797 650 iu
819 587 1012 653 Pandionide
1034 590 1181 652 instituit.
1226 584 1416 673 Quanquam

264 715 281 757 e
302 693 407 759 verbis
428 693 620 756 scholiastae
644 691 823 771 collegeris,
853 709 906 755 eos
932 693 966 753 in
988 689 1181 753 adornandis
1202 689 1293 750 chori
1317 693 1417 772 parti·

263 800 321 860 bus
352 799 540 882 Aeschylum
571 817 638 859 esse
670 795 828 876 imitatos,
866 817 1002 880 quocum
1033 817 1095 858 una
1124 807 1198 860 sunt
1219 795 1415 875 reprehensi.

263 899 364 979 Addo,
386 901 471 983 quod
491 899 677 982 Astydamas
699 919 763 962 uon
787 901 888 962 solum
908 901 1023 981 placita
1043 899 1307 981 philosophorum
1331 917 1416 959 com-

264 1003 440 1080 mesdavit,
475 1001 644 1065 sedetiam
674 1004 880 1065 subtilitatem
903 1001 1027 1064 dicendi
1048 1000 1211 1078 adhibuit,
1247 1002 1415 1082 qualemn

263 1106 443 1169 rhetoribus
464 1118 587 1188 peteret
608 1126 733 1167 necesse
758 1106 827 1168 luit.
869 1105 911 1167 Et
935 1127 1116 1189 quanquam
1142 1101 1259 1185 grande
1289 1115 1321 1163 et
1349 1124 1415 1163 sna·

263 1209 408 1290 gnificuns
430 1230 526 1289 genus
547 1211 698 1272 orationis
720 1212 808 1272 velut
830 1210 1002 1272 maximum
1031 1208 1123 1270 decus
1145 1207 1313 1268 consectati
1330 1218 1416 1285 sunt,

263 1331 328 1394 quo
350 1313 473 1375 fabulae
496 1313 645 1395 Aeschyli
665 1314 784 1392 nitent,
814 1335 883 1376 cum
912 1315 973 1376 hoc
1001 1312 1147 1374 lacillime
1168 1322 1297 1391 possent
1318 1331 1415 1391 expa-

169 1467 171 1474 .
263 1415 332 1490 riri,
354 1413 544 1497 depulerunt
558 1428 662 1479 tamen
681 1416 768 1494 vitia,
789 1439 870 1500 quse
892 1417 953 1499 ipsi
975 1425 1179 1478 retractantes
1197 1433 1248 1488 eas
1266 1411 1414 1475 dicuntur

263 1519 444 1582 removisse.
495 1517 589 1604 Quod
610 1521 815 1602 praeprimis,
850 1523 882 1583 ni
910 1522 1019 1597 fallor,
1051 1520 1085 1580 in
1107 1516 1218 1580 rudem
1240 1527 1273 1576 ct
1295 1514 1413 1577 incom-

263 1621 398 1701 positam
421 1621 503 1684 cadit
525 1621 712 1700 dictionem,
733 1623 772 1685 de
794 1641 856 1706 qua
878 1621 1092 1700 Quintilianus
1114 1619 1303 1681 mentionem
1328 1619 1414 1696 lacit,

264 1743 423 1806 quamque
445 1724 671 1806 Aristophanes
693 1726 839 1804 castigat,
872 1725 986 1788 Eccles.
1012 1726 1087 1801 stt,
1109 1725 1190 1799 899,
1220 1720 1414 1800 Thesmoplr.

265 1829 338 1906 140,
365 1829 425 1890 Av.
448 1831 541 1892 1231.
591 1829 806 1892 Nihilominus
829 1827 1034 1891 dubitandum
1057 1839 1122 1906 cst,
1151 1845 1226 1887 num
1246 1827 1343 1887 verba
1364 1827 1413 1886 ni·

264 1929 321 1992 mie
350 1932 444 2010 longa
473 1933 668 2022 receperint,
701 1953 782 2017 quse
811 1933 956 1995 Comicus
985 1933 1058 1993 item
1086 1928 1299 2012 reprehendit.
1342 1931 1414 1992 Pac.

268 2035 360 2112 1176,
382 2033 460 2096 Ran.
482 2036 558 2096 959.

351 2240 433 2302 Βίσ.
476 2238 626 2320 Bionem,
658 2240 759 2304 filium
783 2239 942 2325 Aeschyli,
977 2238 1089 2304 Suidas
1111 2248 1236 2324 poe'tam
1258 2239 1411 2318 tragicum

265 2343 410 2423 perhibet
437 2365 463 2406 s.
484 2365 517 2408 v.
543 2337 712 2432 Αἰσχύλος
745 2389 785 2408 ..
813 2389 821 2406 .
850 2353 923 2433 ἔσχε
951 2342 986 2411 ‹tt
1008 2338 1103 2416 olevit
1128 2338 1306 2428 τραγικούς
1335 2340 1412 2420 δύο,

266 2439 473 2531 Εὐφορίωνα
495 2446 552 2513 sul
575 2447 705 2514 Βιάνα.
748 2445 853 2524 Quare
875 2467 945 2510 cum
967 2445 1292 2526 Diogenes‘Lae'rtius
1309 2447 1364 2523 IV,
1380 2447 1413 2523 7,

268 2551 325 2608 ll:
349 2551 471 2624 ἔνατος
492 2543 635 2636 notuerit·
654 2549 840 2638 τραγῳδίας
861 2551 929 2616 τῶν
958 2551 1132 2634 Ταρσικῶν
1153 2550 1345 2633 λεγομένων
1362 2548 1413 2608 in·

265 2662 314 2712 ter
346 2649 451 2712 decem
483 2652 575 2729 hujus
607 2653 743 2714 nominis
772 2653 858 2715 viros
888 2659 1015 2734 potitam
1046 2653 1197 2732 tragicum
1228 2668 1312 2712 nono
1340 2652 1412 2712 loco

265 2768 485 2818 commemoret
501 2776 634 2838 eumque
651 2753 734 2817 dicat
751 2777 791 2817 ex
807 2775 939 2818 nurnero
954 2757 1082 2818 illorum
1099 2757 1203 2834 luisse,
1226 2755 1280 2838 qui
1293 2755 1413 2815 Tarsici

266 2857 461 2937 dicerentur3
483 2858 555 2920 Lil.
576 2857 777 2941 Gyraldus
802 2856 841 2920 ds
862 2859 950 2923 Poe't.
972 2859 1055 2923 llist.
1075 2859 1200 2938 Dialog.
1223 2859 1275 2918 Vl.
1298 2877 1329 2936 p.
1345 2858 1408 2918 251

265 2975 361 3046 atque
382 2962 620 3027 Hadrianus
640 2966 856 3028 Turnebus
887 2965 969 3027 hisne
996 2965 1099 3046 ipsum
1122 2966 1220 3025 abeo
1245 2961 1413 3022 memorari

267 3086 443 3149 nomenque
471 3068 646 3152 Ταρσικῶν
666 3069 699 3130 in
722 3069 895 3150 θρασικσῖν
919 3066 1102 3130 mutandum
1124 3087 1189 3129 esse
1210 3075 1412 3146 putaverunt,

265 3183 415 3253 tauquam
437 3169 470 3232 id
491 3192 510 3231 a
531 3171 638 3232 furore
661 3169 798 3252 quodem
817 3173 941 3249 po'e‘tico
963 3171 1142 3252 accepisset.
1184 3169 1230 3232 Ut
1245 3187 1324 3231 vero
1341 3187 1413 3246 gra·

266 3275 427 3337 vissimum
445 3274 579 3335 istorum
599 3274 759 3335 mittamus
777 3291 926 3352 errorem,
949 3293 1014 3356 quo
1037 3270 1211 3357 θρασικός,
1233 3269 1320 3354 quod
1338 3289 1412 3331 nus·

264 3397 357 3457 quam
380 3387 499 3451 exstat,
523 3395 541 3434 a
563 3369 690 3455 θράσος
711 3373 911 3453 derivarunt,
932 3377 1167 3438 Buttmann.
1190 3375 1246 3436 Gr.
1269 3374 1410 3436 Gramm.

264 3480 301 3543 T.
319 3477 357 3538 ll.
376 3497 409 3556 p.
424 3479 505 3555 3395
529 3482 640 3557 potitae
663 3475 758 3538 luisse
781 3477 938 3559 dicuutur,
959 3482 1024 3565 qui,
1049 3479 1185 3542 carmina
1205 3499 1247 3540 ex
1268 3489 1411 3557 tempore

266 3579 414 3642 facientes
428 3579 673 3662 memoriterque
688 3580 897 3661 decantantes,
918 3585 1036 3647 Tarsici
1052 3584 1303 3665 appellabantur,
1323 3580 1412 3662 quod

266 3684 349 3746 cives
373 3682 407 3744 iu
435 3701 471 3742 ea
493 3684 570 3744 urbe
592 3685 644 3745 vel
671 3686 767 3766 primi
792 3688 850 3747 hoc
875 3709 989 3766 genus,
1020 3689 1071 3751 vel
1092 3685 1243 3766 singulari
1266 3684 1412 3745 colebant
1518 3694 1519 3722 ³

267 3785 430 3849 industris.
474 3783 697 3850 Casaubon.
718 3788 757 3849 ad
779 3787 882 3852 Strab.
899 3792 987 3868 XIV,
1005 3793 1035 3852 5.
1069 3787 1108 3852 de
1130 3789 1195 3852 Sat.
1215 3809 1248 3869 p.
1263 3789 1325 3849 153
1346 3783 1412 3870 (ed.

267 3887 399 3973 Ramb.).
441 3891 477 3950 ln
506 3909 642 3972 quorum
668 3911 798 3954 numero
825 3893 875 3954 bic
902 3895 1049 3976 Aeschyli
1074 3893 1156 3955 lilius
1178 3904 1311 3975 propter
1331 3904 1411 3953 teur-

265 3996 370 4076 pom's,
398 4013 462 4076 quo
484 3995 640 4058 exstitisse
662 3993 826 4070 videntur,
858 3995 1013 4057 rationem
1034 4010 1118 4060 certe
1138 4017 1200 4059 uon
1223 4007 1271 4057 est
1294 3996 1413 4056 haben·
1517 4035 1518 4092 y

265 4097 333 4160 dus.
376 4095 462 4173 Quae
485 4119 554 4160 cum
577 4098 620 4158 ita
645 4098 722 4175 sint,
749 4109 862 4159 nomen
885 4099 977 4178 hujus
999 4102 1080 4163 circa
1102 4113 1235 4162 aetatem
1257 4098 1410 4178 Diogenis

264 4199 307 4262 sic
328 4202 527 4262 obscuratum
549 4199 644 4261 fuisse
663 4199 822 4276 miramur,
844 4212 879 4261 ut
901 4223 941 4263 ne
963 4213 1259 4265 commemoraretur
1280 4200 1410 4285 quidem

263 4302 347 4361 inter
373 4305 458 4368 viros
484 4304 700 4384 cognomines,
725 4323 860 4385 quorum
884 4306 964 4372 lausa
992 4308 1046 4371 vix
1075 4327 1211 4389 unquam
1241 4303 1411 4369 admodum

264 4403 373 4483 viguit.
1123 4425 1126 4434 ’
