3086 4992
666 341 739 416 139

129 531 317 606 interrogat.
359 525 421 592 Sed
444 528 504 590 hoc
523 527 662 600 verbum.
677 537 724 588 est
746 515 875 604 novum,
894 523 953 588 etsi
974 535 1068 608 posta
1088 545 1150 600 non
1173 524 1275 586 solum

129 622 303 714 antiquam
317 628 443 692 dicandi
464 631 595 694 formam
616 628 858 711 ¹cncpressit‚,ssd
879 631 976 692 multa
990 647 1116 712 quoque
1133 627 1275 708 exempla

130 735 262 812 hahuit,
279 731 332 794 md
361 724 509 816 quartini*
526 726 761 795 similitudinem
782 731 863 794 illud
884 732 1063 812 effingeres.
1099 730 1185 794 ldcm
1205 725 1277 814 μα’-

131 839 253 922 λισρον
275 857 336 918 pro
357 832 517 920 ἅλισρον,
536 837 628 898 Phoc.
649 823 828 917 Lex.²18(l,
852 839 969 922 νίρνος
989 854 1049 918 pro
1072 837 1192 920 φθείρ,
1213 833 1277 894 Hc·

134 931 221 1022 aych.
239 960 264 1000 s.
280 957 322 1017 u,
344 939 480 1019 scripsit.
521 933 584 1001 Sed
604 941 696 1002 altari
711 942 934 1004 vocabulorum
950 927 1065 1019 generi,
1088 959 1156 1000 cnm
1167 947 1277 999 *essent

134 1044 265 1121 oritura,
292 1061 406 1106 novam
435 1041 591 1125 quandam
619 1045 685 1108 uim
712 1044 858 1121 subjecit,
888 1051 1059 1126 qusa‘non
1088 1055 1150 1104 tam
1179 1041 1277 1103 oculis

103 1198 108 1206 ,
133 1145 231 1207 animi
258 1145 418 1226 conspici‚¹
441 1135 536 1228 quam
562 1149 675 1210 mentis
701 1147 766 1208 acie
788 1147 922 1226 intelligi
942 1157 1064 1227 potest,
1093 1145 1149 1205 ubi
1169 1145 1277 1224 paullo

134 1249 308 1314 accuratius
325 1247 574 1311 considerantur.
617 1247 688 1326 Quo
710 1248 837 1333 quidem
858 1250 913 1311 illa
933 1247 1081 1330 Hesychii
1103 1266 1126 1307 s.
1145 1267 1178 1308 v.
1198 1250 1279 1312 ἔνα-

135 1376 254 1436 σκρσς,
285 1348 369 1417 ὥστε
397 1343 555 1426 Masada·
587 1347 724 1444 Ἀχαιὸς
754 1351 976 1438 Ἀλφεσιβοίᾳ
997 1346 1075 1420 cirri
1096 1352 1160 1418 aad
1183 1345 1279 1438 Θαιίς

135 1455 308 1542 pertinent.
347 1450 510 1518 Namusa
534 1475 665 1534 nomen,
689 1454 775 1539 quod
798 1477 848 1518 res
872 1458 1027 1534 stellatas,
1053 1455 1104 1517 uel
1125 1453 1278 1515 sideribus

135 1557 296 1639 expositas
319 1557 480 1636 significat,
504 1561 632 1623 Bacchis
655 1581 692 1622 ea
713 1559 752 1622 de
774 1581 880 1622 caussa
900 1559 1060 1640 Imposuit,
1081 1569 1117 1619 ut
1138 1557 1279 1618 furorem

135 1659 169 1722 in
193 1661 234 1723 iis
257 1659 334 1721 oriri
355 1659 517 1740 indicaret,
542 1685 622 1746 quse
644 1665 741 1727 stellis
763 1673 865 1726 essent
883 1662 1032 1725 obnoxia.
1073 1657 1279 1736 Nihilomagis

137 1774 233 1842 auget
260 1763 431 1824 claritatem
459 1765 628 1844 orationis,
660 1765 764 1849 quod,
782 1765 955 1847 Hesychia
976 1785 1002 1827 s.
1023 1786 1054 1828 v.
1077 1775 1173 1841 teste,
1205 1755 1280 1828 σίλί-

136 1869 280 1950 stauros
311 1864 393 1927 dixit
426 1869 607 1952 πορφυρᾶν
639 1865 754 1953 ὄρνιν,
785 1869 933 1930 Alcmene
961 1855 1142 1948 praecunte.
1197 1859 1280 1925 Vide

65 1983 70 1988 '
137 1967 235 2029 etiam
255 1967 360 2050 Etym.
376 1969 481 2048 Magn.
500 1991 524 2032 s.
540 1991 570 2032 v.
612 1969 693 2033 Nam
714 1991 905 2052 purpuream
926 1991 1016 2032 svam
1035 1959 1105 2029 non'
1121 1965 1281 2048 praeclaro

137 2071 261 2148 colore,
291 2069 346 2133 sed
369 2093 451 2154 aqua
479 2073 635 2134 maritima
663 2075 791 2136 tinctam
820 2077 859 2136 ob
882 2077 988 2136 oculos
1010 2071 1133 2154 posuit,
1162 2070 1281 2152 inqua

137 2195 284 2256 purpura
309 2174 479 2237 invenitur.
522 2175 571 2237 Ci.
593 2176 733 2239 Eustnth.
760 2200 792 2258 p.
815 2181 909 2242 1453.
950 2180 1058 2260 Itaque
1080 2177 1182 2236 locum
1204 2193 1282 2253 pur·

137 2301 237 2362 purae
259 2278 375 2368 potius³
395 2297 490 2359 quam
512 2280 648 2340 colorem
670 2281 874 2362 consignavit.
915 2283 956 2344 Et
974 2275 1072 2364 αἰόλη
1089 2296 1149 2358 pro
1169 2287 1282 2363 ταχεῖα

139 2382 320 2464 usurpavit,
350 2381 525 2444 bekker.
548 2382 699 2446 Anecdot.
720 2385 758 2446 Τ.
775 2386 799 2446 Ι.
821 2407 853 2465 p.
875 2387 956 2448 361:
989 2379 1088 2468 αἰόλη
1108 2373 1130 2466 ἡ
1149 2390 1279 2467 ταχεῖα·

137 2484 247 2560 οὕτως
272 2473 430 2572 Ἀχαιός,
457 2485 608 2565 prlmcrlo
636 2487 762 2571 quidem
787 2509 879 2550 sensu
900 2509 935 2550 ac
964 2486 1113 2569 proprio,
1145 2495 1181 2545 ut
1209 2501 1282 2542 mco

138 2587 272 2650 Homeri
293 2585 420 2648 indicat.
451 2587 607 2672 Porphyr.
628 2586 754 2665 Quaest.
772 2591 864 2653 Hom.
881 2595 912 2655 3.
943 2591 1173 2652 Buttmann.
1188 2583 1283 2645 Lexi-

136 2694 203 2772 log.
223 2692 261 2753 T.
276 2691 314 2752 11.
336 2712 368 2770 p.
387 2691 439 2751 ⁷3.
483 2689 543 2753 Sed
565 2693 641 2753 haec
662 2706 799 2774 potestas
820 2695 853 2755 in
875 2692 1035 2774 tragoedia
1054 2689 1201 2771 omnique
1222 2687 1283 2747 lin·
1304 2705 1307 2711 ·

138 2817 200 2874 gua
221 2793 430 2855 recentiorum
452 2793 627 2854 Atticorum
648 2808 702 2857 aut
722 2797 862 2859 inaudita
883 2797 1033 2880 duraque,
1055 2807 1108 2858 aut
1125 2789 1284 2854 rarissima

139 2899 217 2977 luit,
249 2910 284 2959 ut
314 2895 438 2957 unicum
467 2896 526 2955 hoc
546 2897 662 2958 Achaei
689 2901 867 2980 exemplum
891 2901 1067 2962 habeamus.
1111 2893 1175 2972 Qui
1200 2893 1286 2966 enim

138 3001 329 3063 locutionem
351 2997 516 3079 Sophoclis
536 2998 682 3060 Trachin'.
704 3003 763 3061 94:

395 3095 436 3165 ὃν
458 3091 557 3165 αίὸλα
579 3095 643 3177 udi
664 3099 885 3184 ἐναριζσμένα

395 3200 499 3268 τίκτει
524 3199 716 3284 κατευνάζει
738 3227 786 3270 τε.

138 3314 171 3366 et
194 3306 275 3367 132:
527 3289 531 3298 ⁷

397 3403 492 3482 ιιένει
513 3403 578 3490 γσίρ
598 3401 668 3473 οὔτ’
684 3398 782 3475 αίᾶλα

395 3506 457 3584 νύξ
477 3503 665 3594 spicoma.
1377 3591 1379 3596 ι

140 3607 181 3672 da
206 3609 395 3673 versicolore
417 3620 507 3670 nocte
529 3606 729 3694 siderumque
756 3613 908 3676 uarietate
936 3610 1079 3693 capiunt,
1112 3607 1284 3670 Belcker.

138 3709 261 3775 Anecd.
281 3713 305 3773 l.
325 3711 350 3773 l.
372 3731 406 3792 p.
424 3713 505 3774 359:
534 3707 633 3792 αἷόλη
653 3709 724 3792 νύξ·
745 3709 821 3798 ἢτοι
843 3715 1009 3800 μέλαινα,
1030 3707 1052 3797 ἢ
1072 3711 1209 3794 ποικίλη
1230 3701 1285 3775 διαί

142 3809 269 3898 ἄστρα,
299 3833 380 3894 quae
402 3835 420 3874 a
442 3813 541 3876 Crisia
562 3814 675 3877 Pirith.
696 3814 833 3900 (Fragm.
855 3823 875 3880 2
898 3814 960 3894 νύξ
982 3809 1174 3901 αἰολόχρως)
1195 3829 1287 3873 voca·

140 3925 213 3992 tur,
241 3915 354 3978 melius
385 3915 455 3978 aliis
484 3917 657 3998 explicant,
690 3916 729 3981 ds
759 3919 918 3981 celeritate
946 3916 1047 3980 noctis
1070 3912 1287 3994 cogitantibus.

141 4017 248 4079 Schol.
270 4015 310 4079 ad
332 4015 429 4098 Soph.
451 4020 528 4081 1.l.:
549 4021 707 4102 psilotro,
727 4015 770 4095 cic
791 4025 823 4088 ol
843 4019 1009 4106 νεώτεροι,
1029 4012 1052 4100 τ’]
1073 4015 1210 4096 ποικίλη
1231 4007 1285 4078 διαί

140 4114 185 4186 τοί
214 4116 342 4205 ἄστρα,
371 4115 394 4198 ἦ
422 4132 538 4208 ταχεῖα
567 4118 622 4189 sss
650 4117 689 4189 τὸ
719 4124 814 4190 νυκτὶ
838 4124 909 4214 θοῇ
930 4116 1008 4205 παρ’
1028 4110 1182 4202 Ὁμήρῳ·
1222 4111 1287 4174 Sed

140 4221 211 4282 aliis
231 4223 361 4284 rarioris
378 4221 519 4284 dictioris
537 4225 756 4304 speciminibus
773 4224 875 4287 minus
891 4221 1088 4286 offendimur.
1130 4215 1185 4277 Est
1203 4213 1286 4276 enim

141 4322 322 4401 hujusmodi
343 4343 475 4402 nomen,
498 4324 583 4407 quod
604 4327 785 4390 Eoststhius
806 4349 838 4408 p.
860 4329 923 4390 753
946 4325 989 4398 C,
1010 4334 1159 4405 tanquam
1179 4341 1286 4386 rarum

138 4429 200 4488 hoc
222 4447 314 4490 sensu
338 4427 477 4493 notaritc
508 4421 646 4516 Ἀχαιὸς
669 4429 705 4498 δὲ
726 4425 945 4515 σκληρότερον
967 4433 1031 4512 ἔφη
1052 4419 1092 4496 od
