3044 4982
820 328 851 380 X

269 503 333 565 τιο,
354 479 450 556 καθά
468 506 570 568 φησιν
586 476 827 576 Ιῑίδρκστιριτέλητ
847 489 885 554 ἐν
907 486 1007 571 τρίτῳ
1023 490 1106 572 uspl
1129 491 1317 574 ποιητικῆς,
1337 497 1416 574 ἐοι-

269 587 410 660 λονοίκοι
432 579 651 674 Ἀντιόλσχοο
665 583 827 670 Λήμνιος
844 587 904 656 sci
928 583 1101 673 Ἀντιφῶν
1118 584 1136 658 ὁ
1154 589 1417 674 τοροτοσκότκσο,

268 688 384 754 loudot.
428 690 487 753 llic
508 689 591 752 eninr
613 689 788 767 lectionem,
809 709 905 772 quum
926 691 1001 754 libri
1019 705 1157 773 tuentur,
1178 715 1335 778 quemque
1356 717 1416 760 nos

268 814 310 859 ex
325 792 461 858 editione
478 793 657 874 Longolii
671 792 858 873 recepimus,
878 794 923 856 its
936 795 1117 869 mutandam
1132 815 1198 864 este
1212 800 1416 875 arbitremur,

153 887 168 912 ⁹
267 909 305 958 ut
325 918 394 961 cum
416 897 579 973 Rittsro,
602 895 734 961 Praeiot.
757 894 798 958 sd
818 896 952 963 Aristot.
972 899 1060 962 Po'e't.
1082 921 1108 962 c.
1125 904 1148 976 l,
1165 901 1241 983 usqi
1260 905 1415 984 ποιητῶν

267 1000 447 1077 scribemus,
470 1021 551 1078 cum,
579 998 664 1081 quod
686 999 801 1064 nobilis
822 1000 1031 1083 philosophus
1052 1001 1100 1067 de.
1114 1004 1238 1085 postica
1259 1023 1339 1084 opus
1360 1026 1415 1066 re.

267 1102 375 1184 liquit,
403 1102 437 1166 id
468 1123 531 1165 uno
558 1115 689 1172 tentum,
706 1104 793 1166 libro
820 1105 1007 1168 constiterit.
1056 1105 1120 1170 Sed
1148 1120 1291 1189 separatu
1320 1111 1414 1185 hujus

267 1205 445 1286 scriptionis
467 1226 558 1286 pers,
588 1205 711 1288 qua-ds
734 1207 858 1278 comicis
881 1208 1048 1291 exposuit,
1074 1213 1105 1278 οἱ
1126 1191 1281 1294 Κρητικοὶ
1303 1212 1416 1292 appel·

266 1307 330 1370 luto
353 1320 411 1370 cst.
454 1306 526 1385 Quo
548 1310 675 1374 nomine
697 1311 865 1381 Ecolienus
887 1333 913 1373 s.
935 1333 964 1376 v.
985 1306 1188 1397 Ἡρακλείην
1207 1307 1328 1380 νόστοι
1352 1313 1417 1395 τῆς

266 1411 462 1495 ἐπιληψίαι,
475 1407 541 1483 ,διδ
564 1405 603 1478 sd
626 1411 761 1502 ἰσχυρὰν
782 1414 845 1482 τοῦ
863 1408 1060 1500 νοσήματος
1080 1413 1137 1484 καὶ
1152 1405 1415 1500 δυσκαταμάχη-

267 1537 340 1588 τον,
362 1509 406 1590 oic
426 1528 590 1600 ,ιιιιρτοριῑ
611 1517 666 1584 sul
686 1508 919 1601 Ἀριστοτέλης
941 1519 979 1582 ἐν
1000 1528 1069 1590 τοῖο
1091 1515 1277 1600 Καμικοῖς,
1289 1515 1414 1587 librum

266 1615 446 1678 Aristotelis
475 1616 601 1687 aliunde
629 1638 694 1686 nors
723 1619 881 1698 cognitum
903 1616 987 1680 citst.
1031 1615 1124 1682 Vidit
1147 1617 1179 1678 id
1205 1619 1284 1690 bene
1305 1619 1415 1682 Wel·

266 1720 430 1798 oksrus,
451 1723 505 1782 Tr.
527 1721 582 1786 Gr.
604 1723 640 1784 P.
656 1724 680 1786 l.
701 1744 733 1802 p.
750 1725 803 1799 93,
825 1742 895 1784 cum
917 1720 982 1797 alii,
1005 1732 1043 1785 ut
1063 1721 1301 1798 Ghsrterins,
1321 1721 1414 1783 Mei·

267 1823 421 1900 eckius,
442 1823 673 1905 Stephanus,
694 1823 909 1908 nequidquam
927 1821 1093 1896 emendare
1114 1825 1212 1884 uerbo
1230 1821 1414 1885 uoluissent.

266 1925 366 2005 Atqui
388 1923 426 1986 de
448 1923 585 1989 Socratis
606 1924 870 1994 obtrectatoribus
892 1924 925 1983 in
947 1922 1041 1984 tertio
1060 1924 1145 2013 libro
1167 1924 1247 2001 egit,
1277 1935 1311 1984 ut
1332 1924 1414 1986 invi·

267 2024 366 2101 dnm,
399 2025 510 2101 credo,
541 2024 730 2101 declareret,
760 2045 861 2105 quom,
884 2023 995 2085 cotuici
1019 2023 1055 2082 in
1083 2024 1174 2084 illum
1201 2023 1413 2096 ostenderant.

266 2129 350 2207 Ergo
367 2127 490 2205 tertius,
513 2126 638 2207 opinor,
661 2127 741 2190 liber
762 2124 802 2190 sd
824 2125 958 2188 comicos
979 2125 1142 2206 pertinuit,
1161 2127 1219 2188 illo
1237 2126 1334 2190 titulo
1348 2130 1413 2192 lor·

266 2243 347 2292 tasse
367 2229 547 2310 inscriptus.
588 2230 699 2294 Altero
721 2248 772 2290 res
794 2225 956 2309 Euripidis
979 2228 1147 2310 explicuit,
1173 2241 1325 2314 utsupra
1345 2252 1412 2294 mo·

265 2333 401 2400 nuituus.
441 2332 559 2409 ,Quare
587 2333 614 2397 is
642 2338 689 2399 οἱΙ
709 2331 870 2416 Τρανικοδ
899 2329 983 2392 houd
1014 2328 1109 2392 dubie
1136 2333 1313 2412 appellatus
1340 2335 1411 2396 luit.

266 2439 457 2502 Wslcker.
478 2438 541 2505 l.l.
564 2439 695 2520 ..ltoque
719 2436 841 2518 primus
865 2435 947 2502 liber
969 2434 1074 2516 epicos
1097 2447 1280 2519 ceterosque
1301 2444 1410 2518 poetas

266 2539 505 2622 comprehendit
521 2537 558 2624 l).
602 2539 673 2616 Quo
695 2539 822 2623 quidem
843 2539 878 2599 in
902 2558 998 2619 opere
1019 2558 1089 2601 cum
1110 2541 1410 2623 meritspo'e'tsrum

265 2642 467 2708 adumbraret
496 2655 582 2706 tants
608 2645 752 2709 ubertate
759 2685 769 2720 ,
799 2654 949 2724 quantem
973 2663 1014 2706 cx
1034 2641 1199 2706 Macrobio
1224 2664 1409 2724 cognoscere

265 2766 446 2828 possumus,
478 2767 543 2812 non
563 2749 665 2816 solum
686 2746 855 2826 originem,
887 2744 944 2808 sed
966 2758 1111 2808 naturam
1133 2752 1282 2835 cujusque
1304 2751 1410 2812 litera.

265 2851 479 2930 rumgeneris
504 2863 536 2914 st
558 2849 726 2918 dictionem
749 2861 780 2910 et
795 2867 863 2927 res,
884 2867 962 2930 quos
978 2848 1100 2928 ¹singuli
1121 2851 1301 2930 attigerunt,
1322 2875 1409 2922 eoos·

265 2963 334 3016 rote
355 2952 531 3034 descripsit.
573 2954 718 3020 Alterum
738 2952 905 3032 scriptum,
934 2951 994 3022 cni,
1006 2970 1122 3016 uomeo
1140 2951 1316 3020 didescsliis
1339 2957 1409 3034 luit,

211 3042 216 3052 ’
265 3058 304 3123 sd
319 3058 535 3123 auctoritatem
549 3078 585 3118 oc
603 3055 840 3124 similitudinem
855 3067 1130 3144 monumentorum
1148 3059 1319 3133 revocavit,
1341 3059 1409 3136 qui-

266 3163 450 3225 busnomen
466 3160 621 3242 cumipse
636 3145 800 3227 commune
815 3158 910 3221 luisse
927 3169 1058 3219 constet.
1100 3157 1182 3218 Nam
1197 3158 1408 3222 Boecklsius

264 3262 299 3326 io
326 3263 423 3342 Corp.
449 3264 594 3342 inscript.
620 3263 645 3322 1.
676 3283 708 3340 p.
729 3262 793 3321 350
823 3257 963 3342 fabulas,
994 3275 1065 3319 cuns
1093 3254 1202 3323 doctae
1228 3273 1347 3340 esseut,
1376 3263 1406 3332 in

265 3365 399 3447 publicis
417 3365 544 3428 -tebulis
575 3383 641 3426 esse
672 3361 867 3440 consignatas
894 3358 987 3422 vidit.
1039 3356 1227 3440 Quanquam
1255 3364 1289 3428 id
1319 3366 1407 3428 Her.

265 3488 415 3546 menno,
436 3466 551 3549 Opusc.
572 3467 624 3528 lll.
645 3487 678 3547 p.
698 3468 772 3542 264,
792 3483 860 3530 non
880 3464 975 3544 plone
995 3481 1181 3543 persuasum
1200 3478 1259 3529 est.
1302 3448 1405 3542 Quare

266 3573 325 3634 linc
346 3590 443 3652 opus,
465 3570 525 3633 etsi
546 3567 662 3732 finibqs
681 3567 775 3631 unius
795 3565 871 3630 libri
892 3565 1062 3642 ioctmum,
1088 3583 1212 3629 omnem
1233 3588 1342 3635 scenos
1362 3563 1426 3632 ls-'

266 3675 473 3754 holerumque
505 3691 631 3751 compre
654 3669 742 3735 cudit
773 3668 953 3748 historiens,
986 3669 1184 3734 lineamentis
1214 3675 1323 3734 soltem
1355 3671 1405 3736 de·

267 3776 425 3857 scriptam.
467 3773 626 3837 Nimirum
654 3772 694 3838 sd
715 3772 829 3836 seriem
853 3792 1022 3851 annonem,
1053 3784 1087 3834 ot
1104 3771 1283 3840 Scholiasta
1303 3776 1405 3837 Plato-

267 3879 315 3939 nis
339 3899 372 3958 p.
392 3879 473 3939 330:
502 3865 527 3962 ᾧ
548 3879 616 3942 ἔτει
638 3882 668 3944 οἱ
691 3876 861 3960 Πολορησδ
884 3872 1110 3952 ἐδιδάσκοντο,
1131 3876 1187 3942 καὶ
1210 3873 1228 3942 ὁ
1252 3877 1404 3959 Μέλητος

271 3975 492 4044 Οἰδιπόδειον
512 3969 656 4062 ἔθηκεν,
688 3973 730 4052 uic
757 3971 993 4064 Ἀριστοτέλης
1021 3976 1275 4057 Διδασκαλίοις,
1308 3977 1404 4057 docet,
1428 4049 1431 4056 ¹

338 4227 368 4296 1)
386 4228 465 4283 Hunc
486 4229 585 4284 librum
611 4233 722 4288 loclesse
743 4231 902 4287 Plutarchus
926 4231 1008 4298 Quod
1024 4238 1082 4284 'non
1101 4231 1183 4301 possit
1201 4249 1271 4283 suns.
1292 4229 1338 4281 sivi
1358 4251 1404 4285 sec.

268 4317 343 4390 Epic.
359 4323 408 4374 12:
433 4316 541 4391 γράφειν
559 4329 617 4394 περὶ
635 4321 752 4396 Ὁμήρου
771 4329 815 4376 sul
833 4319 994 4393 Εὐριπίδου,
1013 4317 1047 4380 uic
1066 4317 1247 4391 Ἀριστοτέλης
1264 4321 1316 4371 scir
1324 4313 1402 4388 Ἡρο-

268 4409 370 4478 κλτίδης
388 4413 431 4464 καὶ
448 4410 622 4486 Δικαίαρχος,
641 4416 760 4488 respexit.
798 4410 967 4468 Welclrer.
986 4410 1003 4465 l.
1024 4410 1041 4463 l.
