3048 4998
1215 304 1289 379 203

127 492 281 582 conjunx,
303 483 432 553 Baccho
455 482 627 574 fingeretur
648 484 681 549 in
703 484 941 550 matrimonium
965 483 1079 552 olierri.
1114 489 1168 554 cir.
1192 486 1286 556 Denn⁴

90 643 100 660 .
128 619 156 662 c.
179 595 297 663 Neaer.
319 616 349 682 p.
376 591 457 656 1369
479 611 547 680 sqq.
576 585 716 678 Hesych.
748 586 910 654 Διονύσου
932 586 1046 676 γάμος.
1097 594 1204 679 Quem
1232 596 1313 662 ad·-

126 702 261 770 modum
290 699 375 766 enim
401 697 433 762 in
455 695 551 763 Naxo
579 695 685 764 insula
716 693 923 784 Hymenaeus
952 695 1122 788 aliquando
1146 702 1289 791 primum

127 818 225 900 atque
243 805 392 872 ultimum
413 824 544 872 carmen
565 824 661 869 suum
682 801 824 891 nuptiale
838 804 871 868 in
885 803 1006 872 Bacchi
1021 815 1118 896 atque
1131 801 1287 876 Ariadnes

125 915 244 1005 nuptiis
268 919 414 992 caneret,
435 911 536 976 sicin
557 909 783 990 Anthesteriis,
805 908 922 978 chorus
942 912 976 977 in
998 910 1178 1001 Hymenaei
1198 917 1287 984 vices

125 1019 315 1101 succedens,
336 1017 484 1107 reginam
501 1016 598 1085 istam
619 1016 758 1082 Atticam
771 1015 917 1104 Dionyso
933 1017 1107 1085 nubentem
1121 1021 1174 1110 pie
1196 1021 1287 1090 vide·

125 1138 178 1193 tur
199 1123 443 1194 concelebrasse
465 1119 672 1210 dithyrambis
687 1126 747 1207 ⁹⁰).

213 1230 379 1299 Concedo·
400 1228 484 1296 hanc
510 1227 552 1295 de
580 1227 790 1296 Anthesten'is
816 1231 1000 1320 opinionem
1026 1253 1092 1298 non
1125 1255 1203 1300 sane
1231 1231 1285 1301 fir·

125 1337 275 1406 rnissimis
298 1361 334 1403 se
358 1337 439 1405 tueri
460 1334 640 1426 praesidiis,
673 1336 809 1402 iortasse
831 1345 939 1402 tamen
962 1337 1056 1427 digna
1079 1361 1166 1406 nunc
1195 1339 1286 1410 ru'de-

124 1445 220 1527 bitur,
241 1465 324 1534 quae
347 1442 543 1531 argumentis
565 1442 736 1534 rejiciatur,
755 1465 817 1510 nec
840 1443 1009 1510 damnetur
1022 1466 1082 1535 pro
1100 1447 1241 1513 somniis.

209 1549 366 1619 Venimus
396 1547 441 1616 ad
475 1569 593 1638 magna
624 1547 782 1637 Dionysia
815 1549 856 1616 ad
898 1573 979 1640 quae
1015 1550 1135 1640 cyclica
1169 1551 1285 1622 choros

123 1659 330 1747 pertinuisse
345 1657 440 1724 certis
468 1663 616 1721 veterum
642 1655 829 1722 testimoniis
857 1665 991 1722 constat.
1042 1656 1169 1726 Etenim
1190 1660 1284 1728 Arist.

122 1761 231 1832 Nubb.
253 1762 284 1830 ν’.
302 1763 379 1830 341;

150 2020 199 2118 11)
217 2051 262 2106 Cf.
281 2053 402 2106 Weloher
419 2054 546 2118 Prolegg.
569 2050 604 2102 ad
623 2048 745 2114 Theogn.
766 2066 792 2116 p.
811 2049 951 2102 LXXXIX.
971 2051 1091 2106 Nachtr.
1109 2071 1136 2122 p.
1156 2055 1208 2110 188
1225 2071 1284 2124 sqq.

125 2137 128 2143 '
194 2139 317 2193 Gerhard
342 2141 479 2192 Arisertes.
502 2137 615 2190 Vareni).
634 2155 662 2204 p.
682 2135 733 2189 130
750 2151 790 2204 sq.
825 2137 928 2189 Preller
946 2139 964 2190 l.
983 2139 1000 2192 l.
1020 2155 1046 2207 p.
1063 2139 1140 2195 1057.
1176 2143 1235 2199 Qua
1256 2143 1285 2196 in

193 2242 223 2278 re
243 2225 296 2278 dno
315 2213 482 2278 observanda
499 2228 616 2291 restant,
642 2225 754 2275 atterum
778 2225 850 2290 qnod
874 2226 946 2293 apud
964 2223 1071 2278 Siculos
1089 2243 1198 2296 quoque
1214 2229 1286 2282 festa
1398 2274 1409 2290 ,

192 2314 400 2368 celebrabantur
429 2307 572 2383 Θεογάμια
600 2312 647 2363 καὶ
673 2305 865 2383 ἀνθεσφόριας
891 2311 921 2364 in
948 2311 1082 2366 honorem
1107 2314 1285 2383 Proserpinae
1308 2351 1314 2371 .

194 2394 389 2471 (Περσεφόνην
406 2399 604 2468 Melanippides
622 2396 734 2464 cecinit]
759 2394 792 2452 ac
810 2398 996 2470 ohthoniorum
1015 2402 1153 2459 numinum
1171 2404 1286 2470 (Pollux

173 2487 213 2557 .1,
231 2486 279 2554 32]
303 2490 417 2554 alterum
442 2488 515 2556 quod
542 2488 613 2556 apud
637 2478 784 2552 Aeginetae
806 2486 951 2556 Delphinio
976 2505 1084 2554 mense,
1111 2492 1205 2566 eadem
1229 2509 1285 2562 qno

193 2573 266 2640 apud
284 2557 462 2628 Athenienses
480 2572 663 2639 Anthesteria,
680 2573 928 2643 Hydrophoriorum
946 2591 1023 2630 saera
1041 2577 1134 2632 inferis
1153 2579 1204 2634 diis
1222 2595 1286 2650 per-

194 2661 344 2726 agebantur
367 2663 496 2727 (Mueller
508 2659 652 2714 llumenid.
664 2677 691 2728 p.
703 2661 776 2726 141).
794 2689 829 2702 --
846 2663 877 2713 ln
895 2661 1108 2719 Athesteriorum
1126 2667 1197 2722 festo
1214 2670 1286 2722 Bae-

193 2746 304 2813 chylidis
320 2765 430 2817 quoque
448 2748 528 2800 credo
548 2743 741 2813 dithyraurbum
760 2752 897 2801 cantatum
916 2765 976 2803 esse
994 2768 1065 2820 eum,
1079 2743 1156 2808 ¹unde
1173 2757 1284 2812 Servius

193 2834 228 2886 ad
244 2835 319 2902 Virg·
336 2838 405 2890 hau.
423 2837 468 2902 Vl,
486 2837 521 2888 22
544 2833 689 2904 exscripsit
706 2835 751 2886 Vll
777 2849 921 2902 puerorum
944 2842 973 2890 et
995 2843 1145 2908 puellarum
1166 2845 1284 2912 nomina,

191 2937 258 2990 quos
277 2940 294 2976 a
312 2923 465 2978 Minotauro
485 2920 609 2975 Theseus
636 2936 728 2974 secum
751 2919 882 2974 liberasse
903 2920 1051 2978 ferebatur.
1086 2927 1199 2982 Scilicet
1214 2933 1286 2988 Bao-

192 3009 311 3076 ohylides
328 3010 483 3082 priusquam
509 3010 543 3062 ad
562 3007 757 3079 praedicandas
774 3006 877 3060 Bacchi
902 3013 931 3060 et
946 3010 1077 3066 Ariadnes
1098 3013 1126 3067 in
1143 3017 1222 3088 Naxo
1240 3019 1285 3074 in-

191 3097 252 3150 sula
269 3097 377 3165 nuptias
403 3113 433 3150 se
459 3096 627 3164 accingeret,
650 3111 685 3148 ne
706 3095 836 3148 laudandi
851 3094 971 3148 Athenas
989 3089 1188 3172 Theseumque
1204 3097 1285 3169 occa·

191 3184 294 3237 sionem
313 3183 463 3252 omitteret,
489 3184 628 3253 usquead
647 3181 719 3236 illius
742 3181 868 3236 sacrificii
891 3185 1171 3244 commemorationem
1194 3193 1285 3262 potuit

192 3271 332 3339 accedere,
351 3274 424 3340 quod
441 3272 595 3326 Minotauro
610 3269 735 3325 Cretensi
753 3269 897 3338 quotannis
915 3271 949 3324 ah
959 3271 1170 3331 Atheniensibus
1182 3280 1285 3334 olfere-

191 3359 279 3414 batur.
316 3361 381 3414 lude
404 3358 545 3414 transitum
563 3373 659 3428 parare
681 3358 716 3410 ad
733 3356 864 3412 Ariadnes
883 3358 1038 3428 Theseique
1061 3379 1166 3420 autores
1193 3368 1285 3438 potuit

188 3447 336 3514 fugamque
354 3449 461 3515 puellae
479 3463 540 3502 curn
555 3445 656 3511 jrrrene
673 3445 756 3498 heroe
775 3443 948 3512 maritimam,
973 3463 1052 3516 quam
1071 3451 1202 3524 virginem
1220 3474 1283 3522 enm

191 3549 323 3604 asponso
350 3534 378 3586 in
403 3535 482 3588 Naxo
507 3535 596 3588 insula
620 3533 786 3602 expositam,
817 3535 899 3600 atque
927 3548 977 3602 per
1001 3535 1121 3603 quietem
1147 3542 1283 3600 inventam

191 3621 314 3675 finxisset
331 3639 348 3674 a
365 3621 484 3688 Dionyso
503 3621 662 3690 comitibus,
688 3621 796 3674 tandem
814 3635 868 3687 quo
888 3620 1016 3678 tendebat
1032 3629 1173 3696 pervenire
1192 3649 1229 3686 so.
1248 3635 1283 3686 ad

191 3707 291 3764 Bacchi
309 3725 370 3762 cum
388 3709 504 3762 Ariadna
522 3723 636 3764 amores.
672 3707 760 3775 cnjus
779 3706 852 3760 medi
869 3723 924 3760 non
941 3709 1073 3778 ingratam
1098 3717 1184 3770 fuisse
1205 3735 1284 3788 speo-

193 3797 325 3850 tatorihus
350 3795 511 3852 deTheseo
535 3796 717 3864 prolusionem
742 3801 790 3850 aut
813 3795 1006 3862 digressionem
1025 3803 1200 3872 crediderim,
1219 3812 1283 3860 -tunr

134 3917 139 3926 ·
192 3882 257 3954 qnia
273 3883 453 3939 Athenienses
470 3882 586 3937 libenter
603 3883 632 3936 in
657 3883 785 3960 memoria
802 3881 884 3952 patrii
901 3881 991 3940 herois
1005 3897 1191 3961 renascatur,
1215 3899 1282 3964 tum,

191 3969 256 4037 quia
280 3969 339 4024 aliis
362 3971 444 4024 etiam
466 3970 618 4024 nominihus
643 3971 767 4024 Theseus
790 3974 824 4025 ad
846 3972 980 4026 Bacchica
1001 3977 1162 4043 pertineret;
1184 3980 1283 4050 quippe

192 4056 403 4130 quamprimum
426 4056 543 4124 ferrent,
569 4059 621 4111 deo
643 4059 836 4127 oschophorica
853 4061 1017 4128 instituisse,
1038 4068 1101 4117 ante
1119 4083 1200 4135 quarn
1218 4084 1284 4122 con·

191 4143 301 4208 iunctis
320 4143 427 4230 populis
456 4144 586 4213 Dionysia
612 4148 716 4200 urbana
742 4146 771 4198 in
796 4149 926 4204 honorem
953 4150 1052 4206 Bauchi
1083 4157 1283 4211 celebrarentur

193 4231 321 4294 (Boeotii.
340 4233 502 4286 Commentt.
520 4232 622 4286 headd.
642 4229 720 4301 lssii·
740 4250 766 4301 p.
786 4238 858 4303 117).
