3044 4982
829 285 879 358 34

283 479 481 572 γιγνώσκειν
500 493 574 555 τοῖς
595 470 889 562 ὑποκρινομένοις·
910 467 974 540 osis
990 477 1108 552 ἐξεῖναι
1129 469 1195 558 yde
1214 465 1322 547 odada
1340 468 1430 541 sine·-

283 589 471 672 κρίνεσθαι.
513 577 622 666 Ιῑοῲο
644 582 695 646 vir
715 581 852 661 optimus
873 574 1135 659 quemadmodum
1157 575 1286 636 omnino
1303 597 1429 658 rempu-

283 691 396 752 blicam
418 686 630 750 confirmatam
651 705 764 764 angere
786 681 915 760 studuit,
938 680 1033 764 idque
1049 679 1195 756 instituit,
1217 691 1252 740 ut
1275 679 1308 741 in
1329 683 1429 745 hono·

282 811 349 853 rem
370 789 511 870 Neptuni
533 808 595 850 non
620 787 723 850 minue
743 785 844 848 tribus
872 785 994 865 cyclicis
1016 782 1119 843 choris
1142 782 1177 842 in
1197 781 1308 844 Piraeo
1331 799 1429 847 certa-

282 907 388 972 retur,
418 904 514 975 utque
541 889 679 954 studium
708 889 756 950 rei
786 889 920 950 comicae
947 886 1120 966 paullisper
1148 886 1311 947 remissum
1332 891 1428 968 magis

285 997 452 1072 excitaret,
472 994 609 1054 Blume
631 992 758 1054 Narrat.
781 990 823 1053 de
841 991 975 1072 Lycurg.
997 981 1084 1052 θοοῖς
1107 1009 1141 1068 p.
1158 995 1210 1064 14,
1231 991 1283 1067 2⁰³
1306 993 1369 1064 21'3
1387 994 1429 1054 sic

283 1096 542 1174 Atheniensibus,
578 1095 737 1157 obnitente
759 1094 902 1171 Philino,
924 1093 1110 1173 Harpocrat.
1138 1113 1162 1154 s.
1183 1111 1214 1153 v.
1235 1091 1382 1176 θεωρικά
1404 1117 1429 1156 c.

283 1217 349 1267 not.
370 1204 577 1276 manaae,
599 1198 801 1259 Ruhnken.
828 1197 909 1257 Hist.
932 1195 1011 1260 Crit.
1033 1215 1066 1274 p.
1080 1197 1159 1272 393,
1190 1197 1364 1275 persuasit,
1397 1210 1428 1258 ut

283 1306 442 1388 egregium
462 1307 618 1366 honorem
638 1301 833 1383 principibus
854 1299 1044 1378 tragicorum
1066 1296 1280 1359 decernerent.
1336 1297 1427 1373 Quod

284 1409 402 1492 duplici
423 1407 518 1471 modo
540 1406 609 1468 fieri
630 1418 769 1487 poterat,
803 1425 871 1466 cum
893 1403 1076 1466 metatoriam
1097 1421 1204 1464 eorum
1230 1403 1428 1482 amplissimis

283 1507 493 1576 monumentis
516 1521 679 1588 ornarent,
709 1521 761 1570 aut
792 1509 939 1589 operibus
969 1508 1009 1569 ab
1039 1508 1169 1571 interitu
1197 1521 1291 1591 atque
1321 1529 1428 1570 comu-

282 1617 392 1698 ptione
421 1613 628 1679 vindicandis.
680 1613 859 1696 Utrumque
881 1613 1010 1694 placuit.
1060 1613 1140 1675 Nam
1167 1626 1235 1675 tum
1256 1633 1368 1676 aeneae
1389 1614 1428 1673 iio

284 1731 404 1782 statuae
429 1719 595 1780 collocatae
616 1715 779 1794 videntur,
805 1737 885 1798 quae
916 1715 955 1778 ad
979 1718 1149 1780 Pausaniae
1170 1729 1301 1780 aetatem
1327 1737 1427 1798 usque

283 1833 534 1904 permanserunt.
577 1822 709 1881 Pausan.
730 1820 755 1897 l,
777 1823 828 1897 21,
853 1815 925 1904 3¹).
983 1817 1046 1882 Sed
1076 1821 1175 1882 altera
1204 1819 1322 1882 decreti
1347 1839 1428 1901 pars,

284 1946 346 2008 qua
367 1923 544 1985 fabularum
567 1922 739 2001 integritati
761 1933 962 2001 prospectum
985 1933 1041 2000 est,
1064 1921 1097 1982 in
1113 1943 1225 2003 magns
1238 1924 1300 1985 loci
1320 1925 1429 1987 obscu-

283 2030 394 2105 ritate,
425 2026 481 2106 qui
501 2045 582 2085 unus
604 2023 786 2084 memoriam
808 2024 899 2099 hujus
921 2023 969 2084 rei
992 2025 1148 2103 continet,
1170 2023 1253 2086 haud
1276 2027 1351 2088 satis
1374 2049 1429 2089 cx·

282 2131 407 2211 plorate
429 2126 634 2206 cognoscitur.
676 2125 758 2186 Nam
779 2127 911 2206 apparet
932 2125 1070 2209 quidem,
1091 2129 1245 2209 populum
1266 2132 1429 2211 exemplar

284 2233 461 2296 fabularum
493 2229 619 2311 publica
642 2229 826 2290 auctoritate
848 2230 1024 2308 religiosius
1048 2229 1199 2310 describi,
1226 2231 1373 2315 idemque
1395 2235 1428 2294 in

283 2334 405 2398 aerario
427 2331 579 2396 custodiri
599 2331 754 2409 voluisse,
783 2331 817 2392 in
840 2337 910 2413 'quo
939 2333 1019 2394 aliae
1038 2333 1147 2394 literae
1167 2335 1308 2414 publicae
1329 2356 1429 2398 asser·

285 2419 485 2523 sabactani).
543 2438 649 2520 Atque
675 2438 736 2498 hoc
765 2433 862 2496 eade
885 2457 991 2498 caussa
1020 2435 1178 2517 fecerunt,
1208 2458 1272 2520 quo
1300 2440 1428 2516 scribae,

284 2545 397 2627 quibus
420 2540 453 2603 id
475 2553 554 2602 esset
575 2539 706 2619 negotii,
725 2537 893 2600 histriones
919 2553 1046 2619 possent
1067 2541 1305 2623 cohibereque
1326 2542 1430 2604 minus

282 2648 322 2710 iis
342 2647 376 2708 in
398 2645 522 2722 sabulis,
543 2663 621 2726 quas
640 2640 802 2720 docebant,
822 2643 953 2705 liberius
974 2641 1094 2725 aliquid
1115 2655 1282 2722 mutarent,
1303 2657 1358 2706 aut
1379 2646 1428 2708 in·

283 2749 434 2814 solentius
464 2759 711 2828 corrumperent.
765 2745 828 2808 Sed
856 2758 997 2807 extrema
1018 2749 1133 2824 verba,
1165 2747 1279 2828 quibus
1307 2769 1430 2813 summa

282 2853 381 2916 totius
402 2854 450 2914 rei
473 2853 680 2932 significatur,
714 2847 773 2918 eda
804 2856 925 2928 ἐξεῖναι
946 2847 1011 2937 ydp
1033 2845 1144 2924 odada
1165 2846 1432 2934 ὑποκρίνεσθαι,

284 2974 408 3019 omnem
430 2957 567 3020 instituti
594 2955 747 3018 rationem
778 2956 945 3016 obscurant
974 2965 1006 3014 ct
1037 2952 1239 3033 explicationi
1267 2952 1430 3036 participii

282 3073 355 3134 cole
374 3051 657 3146 riuosptuopdrotr
672 3059 724 3122 vel
740 3058 875 3119 marium
892 3055 1044 3118 officiunt.
1087 3057 1123 3116 ln
1144 3055 1258 3138 quibus
1276 3058 1429 3134 angustiis

283 3161 338 3222 alii
360 3161 487 3243 quidem
506 3163 701 3237 haesitarent
726 3161 936 3240 interpretes,
966 3158 1022 3221 alii
1047 3175 1127 3221 vero
1150 3154 1313 3239 mendum,
1342 3159 1430 3242 quod

283 3263 344 3325 sibi
364 3266 517 3344 reperisse
539 3262 738 3336 videbantur,
760 3258 959 3320 emendantes
978 3262 1091 3322 tollere
1105 3262 1285 3324 uoluerunt.
1328 3265 1430 3326 Velut

283 3367 540 3426 Hermannus
568 3383 600 3442 p.
617 3363 684 3424 155.
709 3356 836 3438 adsocia
856 3383 920 3442 pacto⁴
938 3357 1045 3436 adroic
1073 3363 1198 3442 scribit,
1230 3364 1363 3444 perinde
1394 3387 1430 3428 ac

283 3469 310 3530 si
332 3465 539 3530 histrionibus
561 3464 645 3527 haud
672 3467 757 3528 ultra
779 3485 956 3529 concessum
979 3467 1091 3545 suerit,
1120 3479 1155 3529 ut
1183 3467 1262 3548 ipsi,
1288 3469 1349 3528 hoc
1371 3479 1430 3545 est,

284 3567 323 3632 ad
345 3587 436 3631 suum
463 3568 556 3648 plane
583 3567 746 3630 arbitrium
774 3567 895 3632 fabulas
923 3569 1083 3632 docerent.
1133 3570 1218 3630 Haec
1245 3580 1350 3630 autem
1379 3570 1430 3633 vis

283 3669 568 3753 pronominis,·etsi
591 3671 717 3732 omnino
740 3689 803 3732 non
827 3672 890 3733 luit
908 3671 1060 3750 inaudita,
1082 3683 1186 3734 mmen
1204 3693 1305 3755 aeque
1318 3694 1336 3733 a
1351 3673 1430 3734 scri·

283 3785 376 3854 ptoro
403 3795 515 3856 parum
537 3789 696 3854 accurato,
726 3777 867 3859 quinon
888 3791 994 3857 acute,
1023 3795 1087 3838 non
1115 3776 1253 3840 breviter
1273 3775 1429 3859 loquitur,

285 3967 567 3982 m

353 4104 384 4174 1)
398 4105 458 4161 Non
467 4109 616 4164 examinare
623 4109 830 4180 rationespotui,
839 4102 1430 4182 qdibusductusK.oeb·l·er·ap.Wslclr'er.

282 4191 384 4266 Trilog.
403 4215 430 4266 p.
441 4199 493 4251 523
513 4198 577 4252 alias
594 4205 707 4264 statuas,
733 4197 858 4270 Lycurgo
878 4211 987 4254 auctore
1006 4202 1118 4272 positas,
1136 4199 1201 4254 alias
1218 4211 1308 4256 censet
1325 4198 1432 4252 Pausa-

281 4279 343 4334 niae
361 4282 397 4334 ob
416 4284 510 4338 oculos
530 4285 618 4343 fuisse.

353 4392 384 4464 2)
401 4395 465 4452 Erat
483 4400 505 4451 is
523 4399 597 4454 locus
615 4399 643 4452 in
662 4399 777 4456 Metroo.
