3076 4998
803 338 877 415 198

281 543 316 594 ut
336 532 454 594 iontem
478 529 645 609 altiorum,
676 528 710 590 in
737 526 860 590 Lucilio
887 521 1107 606 reprehendit,
1139 541 1295 608 quamque
1322 525 1413 588 sarilo

280 630 422 698 concedit
434 633 580 715 Crispino
592 631 725 695 aemulo.
752 629 818 694 Sat.
829 631 853 708 I,
863 636 896 709 4,
908 632 938 692 8.
980 627 1091 710 Neque
1107 647 1184 690 vero
1197 627 1414 691 Brodaeum

280 736 457 815 audiamus,
486 736 542 818 qui
561 736 694 799 Miscell.
715 735 772 813 lX,
794 737 835 798 23
857 751 918 815 pro
939 729 1105 795 Alcestidis
1126 732 1252 793 nomina
1272 732 1415 794 Alexidis

279 854 370 924 putat
391 838 556 921 legendum
578 861 654 904 esse.
696 838 760 916 Qui
781 857 883 920 nequa
900 834 1065 899 Alexidem
1086 832 1250 897 duodecim
1271 837 1338 898 lare
1358 857 1416 896 an·

280 946 328 1008 nis
355 935 429 1026 post
454 955 589 1006 mortem
615 943 776 1025 Euripidis
804 954 911 1004 natum
939 952 971 1002 et
997 940 1105 1004 vivum
1132 951 1354 1022 mortuumque
1381 938 1415 999 in

279 1067 392 1128 magno
413 1048 533 1109 honore
555 1047 667 1126 fuisse,
699 1065 803 1130 nequa
830 1063 928 1126 opera
954 1041 1034 1106 adso
1061 1045 1221 1124 praeclara
1241 1043 1415 1126 reliquisse,

280 1164 316 1215 ut
337 1172 407 1214 aero
429 1173 447 1214 a
469 1151 617 1214 Romanis
637 1151 824 1230 legerentur,
847 1149 929 1211 Geli.
949 1147 1042 1210 Noct.
1062 1146 1158 1210 Attio.
1176 1149 1213 1225 ll,
1233 1151 1293 1226 233
1313 1165 1414 1230 neque

220 1311 225 1332 ,
280 1253 467 1319 Alcestidsm
478 1300 487 1335 ,
515 1254 571 1338 qui
592 1252 730 1336 aequalis
750 1251 910 1334 Euripidis
929 1253 1006 1330 luit,
1033 1250 1207 1332 tragoedias
1227 1251 1417 1312 humillimas

280 1371 374 1442 atque
396 1371 590 1441 contemptas
610 1355 785 1420 condidisse
805 1353 1036 1436 animadvertit,
1057 1377 1137 1439 quas
1152 1352 1417 1435 hre'vipsrlturae

280 1461 475 1526 viderentur.
573 1455 576 1464 ’
963 1477 966 1489 ·

365 1565 586 1648 Antiphon.
636 1565 862 1643 Rhamnusias,
892 1575 1000 1628 orator
1022 1561 1167 1645 inprimis
1187 1557 1315 1637 nobilis,
1343 1579 1417 1621 cun

280 1667 539 1733 Lacedaemonios
557 1668 711 1735 adducere
732 1670 891 1748 voluisset,
914 1680 949 1730 ut
969 1687 1077 1749 pacem
1091 1667 1419 1750 quibuscunque-con-

280 1772 452 1838 ditionibus
468 1775 614 1851 facerent,
634 1773 824 1856 proditionis
844 1784 1001 1836 remeatus
1021 1783 1053 1834 at
1075 1771 1187 1852 capitis
1206 1767 1369 1830 &moetus
1386 1779 1419 1829 st

280 1877 462 1942 interiectus
484 1891 542 1942 set.
582 1878 665 1941 Nam
686 1875 945 1961 quemadmodum
967 1873 1175 1958 Thucydides,
1198 1893 1293 1957 quam
1313 1883 1419 1934 aucto·

280 2002 347 2043 rem
367 2003 464 2044 unum
485 2002 545 2064 pro
566 1981 672 2044 multia
693 1983 857 2061 hahemus,
884 1993 949 2042 tam
972 1979 1089 2045 crimen
1110 1983 1193 2057 eius,
1214 1998 1308 2061 vam
1328 1997 1418 2038 aemi·

280 2086 432 2147 sationem
456 2073 588 2166 exponit
607 2097 641 2148 ot
660 2086 851 2162 orationem,
872 2099 935 2169 qus
955 2104 989 2147 ss
1007 2080 1176 2146 defendere
1195 2082 1310 2159 voluit,
1332 2100 1416 2144 sum·

280 2187 339 2249 mis
359 2187 503 2250 laudibus
523 2188 800 2268 affeu,·vt11,oe,
822 2188 866 2251 sic
883 2187 1112 2270 psephismstis,
1133 2197 1340 2270 quotsatum
1358 2187 1416 2248 ho·

280 2291 396 2353 minem
416 2291 521 2354 necari
541 2293 678 2374 populus
699 2288 799 2370 lussit,
828 2293 997 2373 exemplar,
1019 2307 1037 2352 a
1057 2288 1241 2373 Thucydide
1263 2290 1420 2367 omissum,

281 2413 321 2456 ne
342 2395 493 2457 memoria
513 2395 658 2457 infamiae
680 2395 828 2474 magistro
849 2393 904 2456 diu
924 2406 1082 2476 superstes
1103 2406 1201 2473 esset,
1227 2415 1268 2457 sx
1289 2394 1417 2456 historia

282 2495 410 2563 Caecilii
433 2496 762 2563 Pseudo-Plutarchus
782 2499 849 2561 Vit.
870 2500 903 2562 X
923 2496 1013 2564 Orat.
1036 2498 1146 2577 hahe't,
1170 2519 1228 2562 nee
1249 2509 1345 2559 testes
1364 2506 1418 2558 aut

281 2601 389 2683 pauci,
411 2613 473 2663 -aut
494 2603 578 2665 leves
598 2603 819 2681 inveniantur,
850 2601 998 2685 quitum
1029 2621 1099 2664 eum
1120 2621 1196 2665 sere
1220 2600 1420 2662 interfectum

282 2705 376 2766 laissa
396 2703 532 2769 tradant.
563 2703 801 2770 Pseudo-Plus:
826 2701 957 2788 ἄταφοι·
976 2704 1100 2792 ἐρῤίφη
1115 2703 1170 2772 sai
1189 2695 1254 2768 oris
1273 2713 1343 2774 sols
1362 2706 1420 2766 ds-

281 2807 397 2892 savoa
416 2804 539 2892 ἅτίμος
561 2803 739 2895 ἐνεγράφη.
772 2807 957 2872 Marcellin.
973 2805 1042 2871 vu.
1063 2803 1201 2890 Thucyd.
1241 2797 1334 2879 Quae
1347 2824 1420 2866 cuna

282 2910 327 2972 lta
348 2910 421 2987 sint,
437 2909 562 2992 duplex
583 2913 770 2995 scriptorum
792 2931 894 3003 genus
910 2931 1015 2977 errare
1037 2923 1166 2988 constat,
1186 2927 1282 2970 unum
1298 2925 1419 2984 eoram,

282 3014 337 3097 qni
360 3013 490 3094 triginta
511 3027 679 3098 mannos,
709 3017 804 3094 alios,
833 3015 889 3098 qui
910 3014 1097 3098 Dionysium
1118 3014 1287 3090 seniorem,
1312 3031 1420 3090 regem

282 3117 515 3201 Syracusarum,
539 3119 727 3201 supplicium
747 3115 786 3180 da
801 3138 838 3181 so
853 3120 1018 3202 sumpsisse
1034 3130 1172 3181 narrant.
1217 3115 1327 3178 &assa
1342 3131 1429 3187 vero¹

282 3223 374 3301 hujus
395 3224 526 3302 erroris,
560 3235 596 3286 ut
623 3226 718 3303 solet,
751 3223 784 3285 in
811 3222 1015 3286 similitudine
1043 3221 1205 3286 nominum
1229 3218 1330 3302 posita
1360 3228 1418 3278 sst.

281 3325 363 3388 Nam
381 3325 442 3386 suit
458 3326 631 3408 Antiphon,
651 3323 861 3408 Lyeidonidas
875 3327 968 3405 filius,
987 3347 1080 3410 quem
1098 3325 1227 3406 triginta
1242 3323 1306 3388 viri
1320 3321 1421 3382 inten-

282 3429 433 3492 fecerunt.
477 3431 624 3511 Xenoph.
644 3431 768 3492 Hellen.
792 3429 829 3508 ll,
850 3436 881 3494 3.
924 3430 1015 3508 Quod
1043 3453 1113 3494 eum
1141 3427 1249 3511 Lysias
1279 3425 1313 3487 in
1341 3419 1421 3489 Ora·

281 3531 368 3594 tione
389 3531 428 3594 da
444 3532 648 3614 Antiphontis
662 3533 727 3596 filia
750 3544 782 3595 et
794 3535 1019 3618 Theopompus
1037 3535 1150 3620 quinto
1164 3533 1286 3596 decimo
1300 3530 1421 3610 Philip·
1527 3563 1528 3586 i

282 3635 422 3716 picarum
441 3636 646 3698 historiarum
669 3637 752 3699 libro
773 3650 959 3718 narrassent,
980 3637 1310 3713 Pseudo-Plutarchus,
1337 3652 1419 3715 quae

282 3738 321 3801 da
342 3738 409 3801 lilio
424 3738 634 3824 Lysidonidae
655 3743 788 3822 legeret,
809 3739 848 3804 de
863 3742 1054 3805 Rhamnusio
1074 3741 1198 3822 scripsit
1218 3740 1325 3822 itaque
1347 3755 1422 3798 oon·

281 3843 419 3908 firmavit
440 3845 626 3909 testimoniis
649 3847 738 3930 quasi
758 3859 901 3909 auctores
917 3846 965 3908 illi
981 3846 1104 3929 antiqui
1120 3845 1239 3926 pariter
1260 3863 1295 3906 ao
1312 3861 1419 3922 grassa

282 3946 322 4010 de
339 3949 540 4029 Rhamnusio,
564 3959 649 4031 cujus
670 3965 804 4015 mortem
821 3951 885 4014 suia
907 3951 1003 4012 oculis
1023 3961 1261 4032 conspexerant,
1281 3959 1346 4008 tam
1364 3945 1420 4005 lal-

282 4073 347 4115 sam
368 4053 430 4137 ipsi
451 4055 662 4118 narrationem
688 4055 897 4138 reliquissent.
947 4054 1019 4116 Pari
1044 4053 1138 4117 modo
1165 4051 1230 4130 illi,
1259 4071 1278 4110 a
1305 4050 1421 4132 quibus

282 4167 367 4219 mors
389 4157 594 4240 Antiphontis
615 4159 655 4221 ad
676 4158 863 4240 Dionysium
887 4169 1057 4240 tyrannum
1082 4157 1236 4234 refertur,
1261 4167 1421 4216 oratorem

283 4258 504 4323 Atheniensem
522 4283 590 4325 oum
611 4262 804 4346 Syracusano
825 4269 920 4344 poe'ta
940 4273 1180 4334 commutarunt.
1222 4260 1345 4325 Scilicet
1366 4256 1422 4318 ille

285 4358 399 4426 dicitur
420 4347 555 4447 legatus,
580 4384 649 4428 cum
670 4363 841 4430 dominatio
861 4365 988 4449 tyranni
1007 4365 1142 4427 maxime
1163 4363 1312 4439 iloreoet,
1326 4359 1421 4444 Syra·

285 4483 370 4528 cusas
392 4468 528 4556 venisse3
559 4471 619 4552 ibi,
643 4468 823 4555 quaestione
844 4469 928 4534 inter
949 4469 1057 4553 epulm
1079 4480 1149 4532 orta
1155 4513 1165 4550 ,
1188 4463 1345 4552 quodnam
1368 4483 1419 4528 ass

1519 4466 1523 4509 l

1519 4628 1523 4765 l
