3086 4992
671 327 743 402 145

77 590 84 602 ,
126 517 194 584 λῶν
214 511 325 596 συνῆν
345 515 385 579 ἐν
405 511 618 602 Μακεδονίᾳ·
644 513 702 580 cul
721 512 883 599 pectione
906 511 1051 607 εὐωχίαν
1071 524 1136 606 ἔφη
1155 519 1219 609 τήν
1237 531 1275 597 ἐν

124 614 323 702 ductitium:
347 613 448 680 eorico
469 612 506 681 dl
527 606 608 698 παρ’
620 608 804 685 ὑπονοίαν.
846 617 907 680 Sed
929 619 1059 700 plurimi
1080 622 1274 692 eruditorum

124 719 289 782 huminum
311 727 447 795 censent,
468 728 593 798 tempus
608 717 728 796 mortis,
750 739 844 802 quam
864 723 987 801 Agatho
1008 725 1131 806 obierit,
1151 749 1191 790 ex
1208 730 1276 794 illis

124 820 336 902 colligendum
367 820 509 884 versibus
540 839 623 898 esse,
656 832 692 882 ut
720 821 840 885 llanr.
870 823 1099 905 Stephanus
1126 829 1275 896 Thesaur.

122 928 216 1008 mag.
237 925 293 988 or.
315 925 353 986 T.
368 925 408 986 11.
427 947 462 1006 p.
478 926 570 1003 um,
593 924 848 1004 schlegetius
869 928 1019 991 prauae
1042 928 1082 992 ae
1097 931 1168 993 ut.
1185 913 1275 999 ε’...

122 1053 156 1113 p.
178 1032 261 1107 308,
293 1029 466 1110 Baylius
494 1029 574 1091 Lex.
603 1048 627 1091 e.
648 1050 701 1105 u,
732 1032 970 1095 Welckerus
999 1035 1118 1116 Trilog.
1147 1058 1177 1117 p.
1201 1044 1274 1122 526,

122 1131 342 1200 Martinius
364 1153 397 1212 p.
417 1135 467 1195 to.
511 1132 611 1216 Atqui
632 1133 821 1211 Scholiasta,
842 1155 911 1198 cum
932 1157 986 1216 ea,
1014 1159 1094 1221 quae
1116 1139 1156 1202 ad
1178 1141 1275 1204 inter·

123 1236 335 1318 pretationem
353 1235 453 1314 affert,
475 1257 516 1300 ex
533 1238 603 1318 ipso
624 1239 694 1300 loco
716 1239 853 1302 hausisse
875 1261 932 1302 nee
953 1241 1079 1304 aliunde
1095 1245 1275 1322 cognovisse

124 1339 279 1416 videatur,
300 1339 357 1402 vix
378 1340 497 1424 aliquid
519 1339 609 1403 nobis
631 1339 831 1423 persuaserit,
852 1343 1038 1426 praesertim
1060 1347 1207 1429 quoniam
1227 1361 1276 1412 est

124 1440 239 1505 dubius
260 1441 375 1521 animi,
398 1455 502 1506 utrem
524 1458 683 1525 praestaro
704 1445 787 1509 dicat
808 1448 1004 1511 sententiam.
1053 1449 1095 1511 Et
1115 1451 1201 1514 lusus
1223 1471 1275 1514 co·

123 1546 197 1608 mici
220 1567 374 1628 perquam
391 1547 554 1628 ambiguus
576 1561 638 1627 eat,
659 1562 695 1611 ut
719 1549 946 1613 dubitationem
965 1553 1144 1635 relinquere
1165 1555 1274 1635 possit.

124 1647 397 1726 Quemadmodum
419 1651 502 1711 enim
531 1651 637 1713 felices
666 1664 738 1714 sunt
762 1651 807 1714 dii
830 1650 990 1736 iidemque
1011 1657 1140 1737 proprie
1161 1653 1276 1737 μάκα-

124 1777 179 1837 ρες
200 1753 306 1816 vocari
327 1765 477 1834 possunt3
505 1752 549 1814 sic
571 1753 713 1815 homines
741 1753 776 1814 in
805 1773 926 1816 eumma
952 1775 1058 1818 rerum
1085 1755 1275 1820 abundantia

122 1855 331 1938 maximisque
354 1855 569 1937 voluptatibus
594 1855 757 1917 affluentes
782 1868 814 1918 et
836 1855 947 1918 eodem
969 1859 1094 1920 nomine
1115 1862 1275 1941 appellare

123 1972 156 2023 et
179 1959 240 2022 diis
262 1981 444 2042 comparare
464 1959 548 2021 licet.
590 1959 631 2020 Et
651 1957 821 2022 Archelaus
842 1981 923 2022 unua
946 1961 1084 2024 omnium
1111 1963 1196 2026 inter
1220 1984 1275 2027 re·

122 2074 206 2126 teres
229 2064 383 2144 gaudebat
405 2083 542 2126 summae
564 2062 722 2124 felicitatis
743 2056 886 2142 nomine,
915 2077 951 2126 ut
977 2065 1185 2146 interrogatio
1204 2069 1275 2131 Poli

93 2175 96 2178 '
122 2188 173 2248 ap.
196 2168 318 2230 Platon.
348 2168 444 2248 Gorg.
474 2190 507 2248 p.
528 2169 604 2229 470.
634 2163 700 2229 cte.
720 2168 845 2229 Tuscul.
868 2164 993 2243 Quaest.
1016 2170 1057 2246 V,
1082 2174 1122 2230 12
1148 2169 1275 2235 indicat.

123 2267 187 2348 Qui
210 2291 287 2333 vero
309 2270 443 2348 decedit,
463 2272 530 2334 sive
551 2270 579 2332 ie
598 2270 711 2348 locum,
737 2271 804 2333 sive
825 2271 922 2334 vitam
944 2270 1107 2353 relinquit,
1133 2268 1274 2361 ἀποίχε-

124 2379 211 2440 odat
235 2372 360 2438 dicitur.
411 2375 452 2436 H.
482 2373 668 2454 Stephan.
698 2371 848 2436 Thesaur.
876 2373 967 2452 Ling.
995 2373 1051 2436 Gr.
1079 2395 1111 2454 p.
1134 2374 1218 2436 125⁷
1238 2373 1275 2458 ¹).

123 2477 193 2538 Jam
217 2488 249 2537 at
276 2497 418 2556 magnam
445 2475 648 2538 acerbitatem
676 2476 710 2538 in
737 2496 775 2537 eo
803 2476 996 2554 invenimus,
1025 2474 1111 2558 quod
1137 2495 1178 2538 ne
1203 2488 1275 2558 post

124 2591 260 2642 mortem
282 2579 409 2664 quidem
430 2591 526 2662 poeta
546 2585 611 2642 non
634 2580 735 2662 epulis
758 2579 882 2642 deditus
902 2577 1048 2659 fingitur,
1077 2592 1109 2642 et
1131 2579 1276 2660 impieta·

124 2693 190 2744 tem
213 2681 433 2763 Aristophanis
455 2680 611 2766 quandam
633 2681 826 2760 agnoscimus
833 2725 843 2760 ,
872 2682 928 2762 qui
948 2683 1048 2758 hune,
1071 2683 1158 2744 velut
1176 2684 1276 2746 famo·
1298 2704 1301 2708 ·

125 2785 282 2848 tissimum
304 2785 499 2863 helluonem,
526 2785 627 2865 epulis
649 2784 779 2847 deorum
802 2783 1034 2846 accumbentem
1054 2784 1179 2863 iecerit,
1205 2791 1276 2850 curn

125 2889 241 2969 optimi
267 2890 386 2972 quique
407 2899 530 2950 tantum
551 2889 722 2966 honorem,
752 2901 788 2950 ut
808 2886 983 2968 praemium
1005 2885 1146 2965 virtutis,
1169 2887 1276 2971 adepti

125 2993 278 3056 letantur.
321 2991 491 3056 Enimvero
513 2990 650 3068 homini,
676 2988 821 3072 quamvis
842 2987 1037 3061 effeminato,
1059 2988 1115 3048 ubi
1135 2987 1275 3052 debitum

124 3094 266 3158 reddidit
287 3107 435 3172 naturae,
467 3105 602 3156 mortum
630 3091 704 3155 dare
733 3087 925 3172 opprobrio,
957 3101 1104 3170 tanquam
1125 3089 1274 3153 lautiores

126 3199 236 3279 epulas
258 3217 294 3260 ac
315 3216 436 3260 mensas
458 3194 590 3259 deorum
611 3195 699 3258 adire
719 3193 872 3270 voluerit,
894 3202 999 3254 tantae
1021 3190 1196 3253 acerbitatis
1218 3205 1274 3271 est,

127 3313 248 3364 utnon
273 3297 367 3362 modo
394 3321 413 3360 a
434 3301 550 3363 teneris
571 3301 734 3362 hominum
754 3297 911 3369 sensibus,
940 3292 995 3357 sed
1016 3293 1109 3354 etiam
1134 3296 1173 3356 ab
1194 3295 1276 3357 anti·

126 3425 209 3486 quae
237 3414 350 3469 natura
379 3401 557 3466 comoediae
587 3406 758 3472 abhorrere
786 3399 941 3466 videatur.
1003 3395 1131 3460 Accedit
1157 3398 1273 3460 locutio

126 3497 309 3574 ἀπολιπών
337 3505 374 3588 μ’
396 3504 593 3594 ἀποίχεται,
623 3529 703 3590 quae
731 3525 795 3568 non
823 3503 1036 3566 necessitatem
1063 3501 1190 3579 mortis,
1220 3499 1276 3564 sed

128 3609 339 3673 voluntariam
359 3609 585 3690 profectionem
608 3611 769 3692 significat.
818 3610 926 3672 Altera
956 3605 1124 3687 explicatio
1152 3613 1277 3667 senten·

126 3712 205 3773 tiam
226 3710 380 3790 recludit,
409 3733 490 3795 quaa
520 3715 641 3777 acutior
670 3725 702 3776 et
729 3711 893 3794 pulchrior
917 3721 949 3771 et
970 3721 1037 3770 arte
1059 3709 1277 3789 Aristophanis

126 3816 221 3894 longe
243 3813 368 3892 dignior
393 3826 450 3878 eet.
504 3817 664 3900 Dionysus
685 3817 776 3878 enim·
794 3812 951 3893 Agathoni
973 3813 1160 3892 exprobrat,
1189 3807 1275 3890 quod

127 3938 196 3980 sese
216 3937 304 3980 more
326 3913 521 3996 perfidorum
542 3938 706 3982 servorum
727 3917 909 3998 reliquerit,
928 3933 997 3975 etam
1019 3933 1134 3992 nuper,
1157 3922 1192 3973 ut
1211 3929 1277 3972 om-

128 4038 184 4082 nes
205 4026 319 4100 poetae
342 4018 468 4098 tragici,
490 4019 551 4083 cibi
571 4015 746 4097 serviisset,
774 4016 859 4101 quod
881 4014 1018 4079 studium
1039 4013 1142 4094 poe'sis
1164 4012 1277 4072 omise-

128 4124 223 4201 serit‚
249 4120 399 4207 quodque
424 4123 533 4202 epulas
553 4123 698 4204 petierit,
719 4132 756 4184 ut
777 4132 809 4182 et
829 4119 895 4181 otio
918 4129 950 4180 et
970 4115 1152 4179 libidinibus
1170 4113 1296 4208 indul-A

128 4267 418 4281 *ιι-ι--Ι-

154 4416 165 4428 ,
202 4341 234 4411 1)
251 4337 383 4394 Similiter
401 4337 435 4392 de
453 4335 581 4404 Thetide,
607 4355 676 4408 quae
694 4336 819 4418 maritum
837 4333 960 4406 reliquit,
986 4331 1275 4390 Antemnatium:

129 4426 193 4500 κᾷτ’
205 4424 372 4484 ἀπολιποῦσά
391 4424 416 4495 y’
427 4424 507 4482 oriris
525 4423 614 4496 ᾤχετο.

953 4524 993 4582 10
