3086 4992
666 339 739 439 tos
778 327 783 338 ’

125 520 251 601 agnitus
276 529 338 598 est,
367 539 463 603 ques,
490 523 578 585 velut
600 521 721 603 insigne
742 523 980 608 Pelopidarum,
1006 529 1040 592 in
1062 531 1200 596 lrumeria
1220 532 1279 595 im-

124 644 251 704 pressae
274 624 417 687 babebat.
460 625 548 712 Poe't.
566 628 615 687 16.
650 627 766 690 Julian.
786 625 875 693 Orat.
896 631 934 692 ll.
954 651 987 712 p.
1001 636 1038 698 81
1057 632 1094 696 C.
1126 635 1278 698 Themiat.

124 723 215 790 Orat.
233 728 290 788 vt.
312 746 343 806 p.
363 719 423 788 92.Ι
459 727 564 809 Atque
586 724 710 804 idjure
730 729 938 812 philosophus
960 735 1184 820 reprehendit,
1205 757 1280 818 pro·

123 841 235 910 pterea
259 826 362 912 quod,
394 847 475 912 quaa
496 849 536 894 ex
559 829 627 910 ipsa
653 831 829 894 fabularum
853 837 1080 916 compositione
1106 853 1279 922 sequantur

124 952 250 996 neeesse
273 943 338 1009 est,
370 938 463 1012 poe'ta
490 934 683 997 extrinsecus
709 937 818 999 intulit
843 957 878 998 ao
898 938 1030 1004 liberius
1053 963 1121 1004 oum
1145 963 1180 1004 eu
1204 963 1278 1004 oon-

124 1037 239 1112 junxit.
282 1035 395 1116 Neque
417 1033 448 1096 id
472 1035 504 1098 in
526 1038 669 1098 alterum¹
682 1039 786 1101 locum
807 1059 871 1102 non
894 1040 992 1121 ondit,
1017 1043 1072 1104 ubi
1094 1043 1277 1110 Aristoteles

125 1159 198 1201 eum
229 1149 338 1200 contre
367 1137 445 1201 artis
474 1153 676 1222 praeceptum
706 1141 882 1223 peccavisse
910 1142 983 1220 ait,¹
1004 1165 1045 1206 ex
1068 1164 1133 1226 quo
1155 1145 1277 1212 fabulare

126 1243 172 1306 sio
193 1241 316 1305 institui
337 1239 467 1320 debent,
493 1255 529 1304 ut
551 1263 659 1309 ornnes
682 1264 733 1306 res
754 1245 959 1324 subjiciantur
980 1249 1038 1310 sub
1061 1248 1200 1312 omnium
1222 1250 1276 1313 nd·

125 1357 277 1426 spectum.
321 1345 409 1408 Poet.
429 1348 484 1409 1⁷:
516 1349 574 1415 Aet
596 1347 631 1416 dl
660 1344 756 1423 aodc'
763 1345 903 1434 μύθους
931 1346 1130 1420 συνιστάναι
1154 1356 1208 1422 uul
1231 1355 1274 1443 τῇ

125 1446 572 1533 λέξειοαναπερνσὶζισθαι,
604 1447 658 1520 ὅτι
678 1448 829 1538 μάλιστα
851 1449 919 1538 πρὸ
942 1445 1109 1538 ὀμμάτων
1130 1457 1273 1543 τιθέμε-

124 1572 200 1617 νον.
223 1545 314 1618 οὕτω
333 1546 398 1635 reip
423 1547 467 1620 eiu
489 1553 716 1638 ἐναργέστατα
740 1548 837 1640 ὁρῶν,
858 1552 968 1642 ὥσπερ
991 1550 1069 1644 παρ’
1085 1555 1201 1633 αὐτοῖς
1220 1583 1274 1644 ys-

65 1675 75 1692 ·
123 1644 296 1738 ννὸμινσς
318 1666 387 1728 eote
406 1657 677 1742 nouaeops'uoucs
691 1655 840 1742 εὑρίσκοι
860 1655 899 1726 ‘co'
922 1658 1057 1742 πρέπον
1078 1662 1133 1727 uel
1156 1658 1274 1746 ἥκιστα
1327 1712 1332 1720 .

124 1751 403 1824 ἄν’λανθσὶνσισα
425 1750 469 1822 σοὶ
487 1749 695 1825 u‘uauuuriu.
733 1772 872 1844 σημοῑον
893 1758 929 1826 di
951 1755 1095 1838 τούτου,
1122 1758 1274 1828 diusel-

124 1857 223 1941 μοῖσο
251 1855 419 1947 Καρνίνρι.
458 1854 477 1925 o‘
506 1854 571 1945 peip
599 1853 815 1946 Ἀμφιάραος
842 1865 875 1938 ἐξ
903 1861 998 1945 lepori
1029 1856 1142 1947 α’νῄει·
1177 1860 1197 1930 ὃ
1223 1858 1274 1948 μή

124 1951 260 2042 ὁρῶντα
284 1956 345 2027 οόν
366 1953 498 2044 θεατὴν
521 1956 729 2030 ἐλάνθανον·
764 1962 821 2029 dni
845 1961 882 2030 dl
902 1962 966 2046 ’τῆς
988 1965 1113 2048 σκηνῆς
1132 1965 1275 2045 ἐξέπεσε,

123 2055 403 2148 δυσχερανάντων
423 2061 529 2128 τοῦτο
548 2064 616 2130 τῶν
630 2065 778 2130 θαρσῶν.
820 2062 872 2126 sie
892 2065 1137 2131 Hermanuu‘s.
1159 2093 1163 2100 ·
1181 2066 1273 2143 Quod

124 2163 257 2245 plurimi
277 2183 445 2244 perperam
467 2163 729 2246 interpretantur.
773 2167 827 2232 Ait
855 2167 937 2231 euim
965 2167 1153 2231 Ritterus
1181 2168 1274 2231 com:

124 2279 222 2330 ment.
242 2289 275 2348 p.
287 2270 369 2330 204:
391 2271 521 2344 ,donisel
539 2270 678 2332 Cureirus
699 2265 718 2337 d
740 2265 897 2355 τραγικὸς
918 2273 1128 2354 Amphiaraum
1149 2293 1185 2334 σοι
1203 2284 1274 2333 tem-

121 2375 170 2454 plo
192 2373 353 2435 redeuuun
374 2356 446 2452 secel
467 2373 597 2457 idemque
623 2376 697 2436 huoo
718 2396 858 2452 egressum
880 2375 1083 2458 spectatoribus
1105 2395 1160 2436 ιιοιι
1180 2381 1275 2452 eoem·

123 2491 185 2540 tum
206 2478 336 2560 deireeps
355 2482 397 2541 ita
416 2483 555 2558 repente,
587 2491 617 2540 ut
640 2481 791 2558 tragoedia
818 2481 942 2540 obseura
959 2477 1049 2560 fieres
1075 2481 1193 2562 ideoque
1219 2501 1273 2540 ιιοιι

121 2583 259 2660 placeret.
307 2578 391 2641 Num
413 2591 604 2660 spectatores
625 2599 688 2643 nou
712 2579 859 2644 viderunt
881 2580 1124 2661 Amphiaraum,
1152 2579 1185 2642 in
1208 2600 1274 2642 aaa·

125 2701 197 2742 nam
224 2677 455 2761 prodeuntem?
497 2683 548 2744 Au
573 2682 788 2760 nesciverunt,
819 2681 901 2746 unde
921 2677 1080 2746 venisset?
1123 2682 1174 2744 An
1197 2701 1273 2744 vero

124 2804 187 2848 non
210 2794 407 2864 agnoverunt
428 2803 510 2863 eum,
531 2805 624 2868 quem
647 2787 827 2868 extemplo
849 2785 933 2848 foras
954 2782 1131 2850 venientem
1150 2783 1274 2866 conspi-

124 2890 292 2968 cabantur,
327 2908 396 2949 oum
421 2906 524 2970 neque
545 2888 573 2950 is
594 2889 677 2969 ipse,
710 2889 781 2970 quis
803 2900 899 2967 esset,
927 2909 985 2953 nec
1011 2890 1108 2954 ceteri
1129 2909 1272 2954 sermone

124 2992 346 3073 significarent,
368 2991 425 3074 qui
445 3011 517 3054 oum
539 3011 577 3054 eo
596 2991 867 3072 colloquebantur.
909 2991 977 3054 lem
992 2991 1082 3068 illud,
1104 2992 1190 3073 quod
1206 2995 1272 3072 pri·

122 3119 210 3162 nrum
236 3096 389 3176 diximus,
411 3097 540 3160 omnino
561 3095 632 3160 lieri
654 3114 716 3161 non
739 3093 855 3176 potuit.
897 3094 978 3156 Nam
1001 3091 1073 3175 quia
1096 3093 1127 3154 in
1150 3113 1272 3155 scenam
1394 3137 1398 3145 «

122 3197 317 3283 prodeuntes
339 3221 402 3263 non
425 3195 706 3264 animadverterit?
750 3195 813 3272 Qui
835 3207 941 3258 autern
960 3213 1024 3260 non
1041 3193 1271 3272 animadvertit,

124 3307 150 3367 is
172 3316 205 3367 et
226 3317 406 3386 praesentes
427 3316 532 3370 tamen
556 3316 638 3366 certe
660 3301 858 3384 conspicetur
879 3313 909 3366 et
931 3300 992 3368 sibi
1013 3301 1081 3382 ipae
1101 3299 1195 3365 debet
1217 3321 1272 3362 ex·

123 3410 294 3490 probrare,
327 3406 413 3489 quod
440 3408 622 3489 importune
651 3407 766 3470 avertit
793 3404 942 3468 animum.
984 3408 1035 3467 Aa
1056 3405 1139 3468 ratio
1164 3424 1273 3468 scenae

123 3514 168 3574 sic
198 3511 343 3575 instituta
373 3526 435 3590 est,
467 3525 503 3574 ut
523 3513 696 3594 templum,
723 3533 764 3574 ex
792 3529 856 3594 quo
877 3510 1086 3591 Amphiaraus
1112 3509 1272 3592 prooessit,

123 3635 188 3677 non
209 3626 290 3678 esset
311 3612 487 3678 iuuenile?
530 3613 624 3692 Quod
646 3615 705 3678 etsi
725 3613 778 3677 vel
796 3612 932 3675 maxime
950 3613 1064 3690 offecit,
1084 3625 1188 3676 tamen
1209 3631 1272 3674 nou

124 3730 190 3778 tam
211 3726 340 3799 po'e'tue,
360 3732 415 3781 aut
435 3720 553 3801 potiris,
574 3739 667 3801 quam
691 3718 805 3782 vitium
825 3723 891 3796 ejus
913 3717 1091 3781 babendum
1113 3727 1196 3790 erat,
1216 3713 1272 3794 qui

125 3839 248 3882 scenam
269 3821 474 3886 instruxerat.
517 3823 595 3886 Rem
615 3823 659 3884 ite
680 3823 758 3884 mihi
780 3823 938 3904 explicare
958 3822 1080 3886 videor.
1123 3815 1272 3900 Amphio·

124 3945 199 3988 raus
220 3947 238 3988 e
258 3929 377 4010 templo
398 3927 493 3992 tacito
508 3947 692 4009 progressus
709 3940 766 4006 est,
787 3929 852 3991 sive
874 3927 909 3990 id
927 3929 960 3990 in
977 3945 1078 4004 scena,
1100 3924 1166 3987 sive
1183 3929 1272 4002 post·

124 4027 231 4090 scenio
246 4029 320 4091 luit.
364 4027 513 4106 Quicum
531 4031 642 4092 ceteris
660 4049 730 4091 cum
747 4030 891 4110 personia
909 4033 1066 4095 sermones
1084 4028 1185 4086 iacere
1203 4038 1272 4080 ooo·

125 4131 234 4211 piaret,
250 4153 430 4214 quanquam
445 4133 563 4196 mentio
577 4138 652 4210 ejus,
666 4145 833 4215 antequam
849 4133 1103 4214 progrederetur,
1117 4147 1136 4186 a
1147 4121 1270 4186 nemine

126 4235 207 4296 lacta
233 4235 353 4316 fuerat,
385 4257 424 4298 ne
447 4248 555 4318 posteo
576 4234 703 4317 quidem
725 4235 770 4297 ita
791 4237 969 4298 nominatus
991 4243 1053 4307 est,
1084 4239 1119 4290 ut
1140 4226 1184 4304 ia,
1216 4223 1273 4307 qui

126 4359 198 4400 eum
228 4340 460 4421 alloqueretur,
474 4337 579 4400 ⁴initio
606 4339 759 4400 sermonis
782 4337 983 4418 signiticaret,
1013 4332 1084 4414 quis
1104 4331 1160 4394 ille
1182 4339 1272 4392 σιοοῐ.

125 4442 238 4525 ltaque
263 4441 390 4523 indigne
411 4443 780 4524 epulaturaetulerunt,
808 4437 894 4521 quod
915 4436 1110 4515 nesciebant,
1133 4435 1204 4520 quis
1227 4451 1274 4493 ee·
