3072 5012
507 1595 588 1680 DE
619 1585 925 1680 'rlMouffloo
955 1592 1205 1681 Mlnuslo.

365 2027 544 2098 Friden‘cus
566 2029 797 2113 humbaudus,
827 2031 881 2120 qui
902 2027 1099 2095 Milesiorum
1130 2052 1182 2095 res
1205 2025 1361 2118 singulari
1381 2022 1430 2089 sibi

278 2133 385 2202 libello
407 2136 647 2226 pertractandas
668 2139 846 2228 proposuit,
869 2135 961 2202 solita
983 2134 1186 2226 neglegentia
1203 2135 1341 2223 epoetis
1361 2151 1429 2222 quo·

279 2265 351 2308 rum
381 2242 498 2309 multos
515 2243 615 2310 ‘haud
652 2243 808 2334 ignobiles
839 2243 965 2309 Miletus
995 2241 1141 2331 protulit,
1174 2263 1240 2307 non
1269 2241 1332 2306 nisi
1360 2237 1429 2303 duos

279 2350 585 2415 commemoratione
601 2348 714 2439 dignos
729 2350 863 2432 censuit,
884 2346 1135 2438 Melanippidem
1151 2355 1184 2414 et
1197 2344 1430 2435 Lamynthium:

278 2453 527 2543 hlelanippidem
561 2454 689 2544 quidem
720 2455 851 2521 lllelium
885 2455 1047 2520 communi
1081 2452 1252 2544 aliquando
1293 2449 1429 2518 omnibus

280 2582 386 2625 errore
417 2558 546 2626 Milesiis
579 2559 659 2626 lalso
693 2560 874 2642 vindicans;
913 2558 1142 2649 Lamynthium
1182 2582 1260 2625 sane
1294 2582 1330 2625 re
1362 2575 1430 2623 vera
1492 2557 1493 2636 l

277 2663 452 2747 Milesium,
483 2687 648 2756 nunquam
677 2674 785 2732 tamen
815 2668 900 2758 apud
921 2678 1047 2733 veteres
1070 2675 1159 2732 tanto
1181 2667 1214 2732 in
1236 2663 1361 2731 honore
1382 2661 1429 2726 ha-

277 2769 378 2838 bitum
402 2782 437 2837 ut
457 2793 535 2860 prae
558 2771 728 2839 Timotheo
752 2774 909 2839 nominari
930 2773 1090 2839 meruerit.

364 2877 411 2946 Ac
432 2877 638 2944 Timotheum
662 2881 800 2970 quidem,
822 2879 981 2947 Milesium
1005 2877 1146 2946 declarat
1167 2877 1368 2967 epigramma
1388 2882 1431 2938 tu·

276 2982 365 3052 mulo
397 2985 497 3075 ipsius
527 2985 560 3050 in
590 2984 780 3053 Macedonia
812 2987 1017 3075 inscriptum,
1034 2983 1137 3076 'prod
1168 2983 1253 3073 apud
1283 2981 1429 3073 Stephon.

277 3091 355 3181 Byz.
378 3117 409 3158 v.
434 3087 587 3171 Μίλητος
613 3090 743 3183 legitur:

451 3193 573 3286 Πάτρα
598 3197 748 3277 Μίλητος
774 3195 875 3261 τίκτει
897 3195 1073 3263 Μούσαισι
1100 3194 1266 3261 ποθεινὸν

454 3303 627 3390 Τιμόθεον
647 3301 795 3392 κιθάρας
818 3303 927 3385 δεξιὸν
949 3299 1092 3390 ἡνίοχον.

275 3410 385 3499 Vulgo
407 3407 508 3475 τίκτει
530 3411 588 3477 τὸν
610 3411 785 3502 legebatur
829 3412 952 3478 Vitium
975 3410 1102 3477 diverso
1125 3409 1223 3475 modo
1240 3408 1429 3475 sustulerunt

276 3515 349 3584 VV.
363 3515 449 3594 DD.,
468 3517 644 3617 Meinekius
666 3519 880 3610 conjiciendo:
902 3519 972 3583 τέκε
994 3514 1062 3582 τὸν.
1084 3515 1334 3583 JacobsiusAP
1348 3513 1427 3582 Nott

277 3643 320 3688 cr.
342 3645 373 3712 p
392 3621 455 3685 949
484 3607 677 3691 assentiente
705 3623 953 3692 Schneidewino
982 3622 1136 3690 Simonid
1160 3646 1191 3712 p.
1211 3623 1271 3687 199
1301 3616 1427 3688 delendo

276 3726 444 3795 articulum
468 3725 536 3796 τόν.
581 3731 673 3816 Quae
696 3741 859 3822 postrema
882 3730 1061 3798 emendatio
1083 3727 1193 3795 locum
1221 3728 1342 3795 obtinet
1364 3720 1426 3791 coll

275 3834 420 3902 Eustath.
448 3834 480 3902 ll.
504 3837 577 3920 237,
598 3837 747 3920 3:313,
771 3837 811 3902 13
840 3846 872 3904 et
893 3836 1034 3903 Dracon.
1057 3835 1148 3902 Metr.
1172 3859 1203 3926 p.
1220 3837 1272 3900 67.
1320 3832 1426 3919 Neque

275 3939 366 4009 aliter
383 3945 453 4034 jam
474 3939 573 4009 Lilius
597 3943 757 4034 Gyraldus
782 3942 864 4033 Opp.
887 3943 980 4010 Tom.
1001 3941 1035 4008 ll.
1058 3964 1088 4031 p.
1101 3941 1174 4008 349.
1259 3940 1335 4006 Jam
1356 3954 1425 4002 vero

275 4046 442 4114 audiamus
467 4047 506 4116 de
525 4049 695 4117 Timotheo
709 4050 842 4117 Suidam
858 4073 887 4140 p.
899 4049 984 4115 3569
998 4041 1035 4114 C.
1074 4045 1260 4128 Τιμόθεος·
1287 4037 1426 4172 Θερσάν-

275 4150 403 4242 dpou'
387 4179 408 4236 η
404 4147 622 4240 Νεομύαοα,
651 4149 931 4236 ἢψιλοπόλιῦος,
955 4151 1137 4234 Μιλήσιος·
1166 4146 1337 4238 tvpmdc‘
1316 4175 1351 4228 ος
1372 4144 1426 4224 τήν

276 4257 416 4340 δεκάτην
446 4263 503 4326 καὶ
526 4257 703 4343 ἑνδεκάτην
729 4260 857 4349 χορδὴν
892 4263 1083 4350 προσέθηκε
1118 4262 1174 4326 καὶ
1203 4257 1265 4339 τὴν
1291 4251 1426 4344 ἀρχαίαν

274 4363 438 4448 μουσικὴν
459 4369 512 4433 ιἰιὶ
541 4366 579 4434 τὸ
605 4366 842 4457 μαλακώτερον
868 4364 1063 4460 μετήγαγεν.
1098 4355 1167 4432 Ην
1195 4367 1232 4431 δὲ
1260 4361 1315 4431 au
1336 4357 1424 4447 Εὐρι-

1492 4499 1493 4536 l
