3086 4992
601 367 604 375 .
686 327 758 422 55,

123 501 170 562 sio
192 501 439 582 interpretatum
466 504 622 573 Φιλοκλεῖ
641 511 709 576 ἐστι
733 507 846 591 domno
872 507 1002 597 Ἰλιριῦς
1017 511 1040 598 ἢ
1055 511 1188 603 Ἔποψ.
1222 497 1277 588 Ὅ

127 604 305 688 Σοφοκλῆς
328 607 464 688 πρῶτον
486 604 548 672 οὐκ
576 609 685 692 Τηρέα
709 609 884 692 ἐποίησεν,
914 615 986 680 εἶτα
1009 617 1185 702 Φιλοκλῆς.
1218 617 1272 689 dui
1378 609 1380 614 ¹

125 705 234 772 eodan
256 706 375 773 εἶπεν·
395 700 457 791 ἐγώ
480 700 508 773 d'
521 703 682 783 Ἔποπος
702 705 780 776 nivei
797 713 888 778 soor
902 711 969 798 πρὸ
983 710 1093 786 αὐτοῦ
1109 717 1274 806 tronione.
1374 721 1380 729 ’

126 803 191 866 Sed
211 805 286 889 quie
308 809 488 887 cogereris
509 808 748 890 significatione,
776 833 870 895 quam
893 827 987 896 poeta
1017 820 1207 901 lepidissime
1229 825 1273 886 ef·

125 909 202 984 lert,
241 928 307 972 non
338 911 472 974 similem
504 913 680 978 fabularum
710 926 855 978 naturam
882 930 923 979 et¹
940 921 1146 988 imitationem
1166 927 1273 1008 potius

126 1010 252 1091 credat,
279 1035 375 1096 quam
397 1017 620 1081 successionem
650 1039 759 1082 esrum
777 1019 931 1084 irrideri?
982 1023 1080 1088 Erant
1109 1041 1212 1091 autam
1239 1031 1272 1091 in

126 1118 189 1178 hae
211 1117 397 1197 tetralogioa
427 1120 543 1182 multae
570 1134 692 1201 partes,
722 1133 802 1204 quae
833 1123 904 1186 vim¹
924 1127 1039 1190 amoris
1065 1133 1274 1211 ostenderent,

110 1239 212 1300 ·quae
243 1216 387 1281 inaudita
413 1221 563 1286 haberent
589 1235 683 1306 atque
710 1224 875 1288 horribilia
900 1227 1093 1292 crudelitatis
1118 1237 1274 1315 exempla,

127 1340 210 1402 quae
238 1321 315 1384 alias
344 1321 440 1384 animi
455 1327 718 1403 ‘perturbationes
750 1343 1040 1410 repraesentarent,
1069 1338 1178 1417 quales
1200 1349 1273 1398 tum

125 1424 263 1486 maxime
283 1426 317 1486 in
340 1447 431 1488 scena
452 1431 688 1508 expetebantur.
731 1433 779 1496 Ut
801 1433 919 1514 primas
940 1437 1054 1497 mulier
1075 1439 1155 1516 egit,
1180 1459 1271 1520 quae,

127 1547 250 1588 summa
270 1527 391 1591 invidia
411 1541 443 1591 et
470 1531 630 1595 iracundia
643 1534 795 1616 flagrem,
814 1537 944 1600 Medeae
965 1541 1065 1603 instar
1083 1545 1205 1606 nudum
1225 1549 1272 1609 lo-

127 1651 199 1692 cum
220 1644 379 1712 maternae
401 1633 512 1714 pietati
534 1637 742 1720 relinquebat.
784 1641 865 1702 Nam
883 1644 1155 1707 Welokerum'
1169 1649 1273 1729 sequi-

127 1754 220 1808 mur,
240 1734 296 1816 qui
316 1736 476 1798 materiam
500 1737 673 1800 fabularum
696 1743 729 1802 in
740 1742 858 1820 Trilog.
878 1763 948 1823 pag·
962 1747 1036 1807 562.
1056 1747 1150 1826 Trsg.
1164 1747 1271 1809 Graec.

128 1835 165 1897 Ρ.
181 1835 234 1896 lll.
254 1857 322 1915 pag.
336 1841 411 1900 968.
431 1841 593 1920 ingeniose
607 1843 792 1920 conjecturis
817 1846 997 1924 composuit.
1040 1847 1114 1910 Non
1126 1870 1271 1928 magnum
1307 1885 1312 1896 ν

126 1937 238 1998 babuit
259 1940 435 2019 ingeninm3
463 1942 569 2026 itaque
590 1943 736 2010 munculi
763 1943 854 2008 valde
871 1945 1032 2011 dissimilis
1061 1950 1131 2012 fuit.
1175 1951 1271 2014 Scho-

126 2040 208 2102 liast.
229 2039 269 2102 ad
293 2042 388 2108 Arist.
411 2043 705 2128 Theramenes:
727 2045 847 2133 μικρὸς
868 2049 923 2117 καλ
948 2047 1094 2142 αἰσχρός.
1116 2055 1172 2122 καὶ
1202 2057 1270 2138 Τη-

127 2139 296 2225 tantulae
315 2139 506 2220 Ἡσιόδοις·

238 2285 240 2292 ›
297 2237 573 2331 ἁλλ’.ἡοάλοιοα
599 2253 761 2319 Φιλοκλέα
782 2257 809 2340 β
908 2253 965 2321 deo
987 2246 1053 2322 otis

297 2352 329 2414 εἰ
349 2342 385 2417 ιλ·
399 2351 488 2418 ἐστὶν
509 2351 683 2442 Αἰσχύλου
706 2349 852 2438 φρόνημ’
875 2361 969 2442 ἔχων.

127 2451 306 2512 Meinek.
331 2451 454 2532 Fragm.
477 2455 564 2518 Com.
587 2457 643 2520 Gr.
664 2459 739 2520 Vol.
756 2461 778 2520 l.
798 2481 869 2539 pag.
885 2461 958 2521 366.
1006 2459 1099 2524 Unde
1123 2460 1156 2522 in
1179 2481 1269 2541 argu·

127 2565 233 2615 mento
257 2554 439 2618 exornando
455 2577 678 2642 nonnunquam
701 2561 869 2622 infeliciter
889 2573 1031 2624 versatus
1053 2573 1108 2640 est,
1121 2561 1162 2626 'id
1184 2562 1269 2644 quod

128 2677 236 2718 versus
266 2657 389 2720 Cratini
417 2681 466 2740 ap.
497 2659 660 2726 Seltoliast.
690 2662 729 2726 ad
761 2663 858 2744 Sepla.
891 2664 1041 2746 Antigou.
1065 2668 1148 2728 402:
1173 2665 1269 2746 Κρα-

127 2773 236 2833 κῑνος·
267 2843 273 2849 ¹
599 2833 602 2838 ,

292 2859 429 2950 Ὄνπερ
453 2867 633 2948 Φιλοκλέης
654 2861 716 2933 τόν
737 2865 839 2952 λόγον
861 2868 1071 2952 driedonis·
1123 2915 1127 2924 -

129 2965 301 3028 Meinek.
322 2968 445 3047 Fragm.
468 2967 556 3028 Com.
584 2967 640 3028 Gr:
661 2969 685 3028 1.
706 2971 730 3029 1.
751 2968 821 3048 pag.
839 2972 914 3032 226.
935 2969 1063 3032 indioat.
1085 2971 1089 2978 ’
1116 2969 1195 3045 Quo·
1215 2971 1270 3031 ills

126 3071 259 3132 mutatio
291 3069 396 3133 arium
409 3115 413 3124 ,
427 3071 580 3150 pertinet,
616 3069 650 3130 in
679 3069 743 3130 line
772 3069 975 3132 Pandionidis
1008 3071 1166 3148 instituta,
1199 3091 1268 3142 oum

127 3172 243 3232 Tereus
272 3171 304 3232 in
338 3193 476 3253 upupam
511 3173 553 3234 sit
588 3171 775 3250 conversus,
812 3174 933 3234 Procne
965 3169 1144 3237 hirundinis
1150 3215 1159 3250 ,
1194 3173 1269 3234 Phi·

127 3275 242 3335 lomela
269 3293 346 3336 vero
372 3275 519 3336 lusciniae
548 3276 678 3336 formam
702 3275 851 3338 induerit.
891 3275 1050 3340 Nimirum
1068 3276 1113 3338 sio
1129 3297 1166 3344 ea
1188 3295 1270 3337 com·

127 3377 251 3458 poenit,
276 3397 339 3459 quo
364 3377 534 3440 faciliorem
559 3379 675 3440 exitum
699 3379 855 3441 inveniret
885 3379 1007 3456 fabula,
1035 3377 1090 3460 qui
1119 3378 1269 3442 mirabilis

128 3480 245 3562 quique
267 3499 332 3541 non
354 3494 434 3543 esset
454 3477 666 3562 exspectatum
699 3501 771 3542 nam
795 3482 839 3556 ia,
872 3501 935 3564 quo
965 3485 1113 3559 majorem
1136 3481 1270 3544 admira·

127 3581 246 3647 tionem
268 3582 377 3659 injecit
400 3582 647 3663 spectatoribus,¹
680 3604 719 3645 eo
741 3583 870 3662 gravius?
894 3585 958 3645 vim
981 3598 1187 3667 naturamque
1207 3597 1269 3645 tra·

129 3683 254 3762 goediae
275 3696 490 3765 corrumperet
515 3700 638 3746 necesse
662 3683 731 3744 fuit.
779 3684 825 3746 Ut
856 3685 939 3746 enim
972 3686 1105 3748 mutatio
1136 3685 1269 3746 bominis

129 3786 163 3846 in
184 3789 313 3849 beatiam
338 3787 482 3864 Graecia,
505 3807 574 3848 cum
596 3785 779 3868 depravatio
800 3787 953 3848 hnmanae
969 3800 1104 3850 naturae
1126 3795 1216 3860 esset,
1238 3796 1270 3844 et

90 3899 103 3940 ί
128 3890 251 3970 saepius
273 3890 412 3952 evenisse
433 3901 532 3950 atres
553 3888 720 3951 admodum
740 3888 884 3968 lugubris
906 3888 973 3952 vias
999 3890 1113 3968 fuerit,
1144 3885 1210 3948 cie.
1229 3881 1268 3944 de

127 3993 173 4054 Re
195 3993 271 4072 pub.
291 3992 349 4070 tv,
373 3995 407 4068 1,
429 3995 461 4054 3.
498 3989 588 4056 Ollio.
601 3992 662 4071 lll,
686 3994 737 4068 26,
749 3994 809 4068 82,
841 4009 877 4050 ea
900 4001 1019 4069 tamen,
1048 4011 1118 4054 oum
1146 3986 1268 4048 tabidae

128 4095 323 4172 legerentur,
344 4093 473 4156 attribue
497 4094 615 4156 [attilius
637 4105 778 4174 arrepta,
799 4111 893 4174 quam
914 4093 947 4154 in
969 4113 1059 4155 scena
1080 4087 1179 4150 oculis
1196 4103 1270 4146 con·

130 4207 235 4276 specta
257 4193 616 4275 estspraesertimeum
638 4197 826 4278 aequalibus
841 4194 988 4258 Philoclis
1009 4194 1044 4254 in
1062 4189 1270 4270 suspicionem

130 4299 228 4360 malae
249 4295 324 4359 ndei
346 4297 454 4360 renim
480 4307 511 4358 st
539 4295 580 4357 sd
609 4312 754 4378 portenta
770 4308 1021 4376 momentaque
1049 4292 1270 4366 somniantium
1291 4376 1293 4384 y

130 4399 268 4480 ablegari
294 4399 454 4479 coepisset.
510 4399 645 4465 Accessit
676 4401 785 4466 vitium
813 4408 940 4480 poetam
971 4396 1028 4478 qui
1051 4411 1197 4460 eventum
1224 4395 1270 4458 fa-
