3076 4998
666 331 742 410 243

129 541 241 588 eorum
277 518 385 586 lecerit
418 516 605 585 Pirithoum.
665 521 777 606 Neque
807 521 915 588 eadem
950 522 1106 593 dubitatio
1140 527 1272 596 sortasse

129 627 162 690 in
184 646 293 690 mussa
313 644 378 688 non
400 625 470 704 luit,
492 623 578 707 quod
591 623 743 692 Stobaetts
758 629 926 709 particulas
941 631 1032 710 htrjus
1053 631 1185 709 fabulae,
1207 653 1270 696 non

128 731 291 812 appellato
318 732 429 810 po'e'ta,
460 727 508 788 bis
529 725 686 806 laudavit,
717 728 817 794 Serm.
841 736 892 810 15,
915 737 972 813 37,
1003 755 1181 818 quanquam
1204 735 1272 800 aliis

129 833 225 896 etiem
246 831 324 892 locis
344 830 455 894 similis
476 831 681 910 negligentiae
705 836 795 916 argui
817 848 930 917 potest.
980 839 1176 901 Valcken.
1195 839 1272 900 Dia·

128 936 203 998 trib.
224 957 259 1016 p.
279 936 353 996 198.
395 934 628 995 Hermannus
651 935 805 1001 Elemen't.
827 941 935 1005 Dour,
957 942 1052 1002 llletr.
1072 941 1113 1019 ll,
1136 962 1162 1003 c.
1179 946 1231 1018 14,
1252 947 1272 1006 9

126 1037 335 1116 Pirithoum,
354 1047 389 1097 ut
415 1035 552 1096 fabulam
574 1035 750 1118 Euripidis,
783 1040 869 1104 citat.
919 1041 1085 1106 Grotius
1112 1055 1217 1106 autem
1238 1045 1271 1108 ia'

127 1140 278 1221 Excerpt.
295 1139 403 1220 plat
425 1135 549 1234 dttbitat
569 1139 703 1202 alterum
725 1142 818 1204 elteri
839 1145 1010 1225 praeferre.
1052 1147 1273 1212 Valckena-

126 1242 215 1306 rius
244 1240 348 1304 modo.
367 1261 481 1304 nomen
509 1241 578 1304 teri
606 1252 719 1323 poetae
746 1245 778 1307 in
810 1246 914 1310 medio
944 1248 1113 1332 relinquit,
1144 1272 1176 1331 p.
1199 1253 1273 1327 198,

117 1345 224 1409 modo
245 1367 285 1408 ex
307 1346 482 1424 fragmento
505 1347 596 1422 httjus
623 1346 744 1410 tabulae
766 1372 799 1430 p.
820 1353 862 1412 39
885 1352 1020 1432 colligit,
1051 1350 1187 1436 quidde
1211 1351 1271 1414 diis

125 1449 261 1514 senserit
278 1445 456 1528 Euripides.
499 1448 538 1509 Et
560 1449 746 1532 Baebius,
767 1475 946 1536 quanquam
969 1455 1002 1518 in
1025 1475 1063 1518 eo
1086 1467 1141 1532 est,
1164 1467 1199 1518 at
1220 1456 1272 1516 Pi·

125 1555 267 1617 ritltoum
285 1553 405 1614 tribuat
420 1549 547 1630 Critiae,
568 1564 673 1620 tamen
694 1555 728 1616 in
749 1557 831 1616 hunc
853 1557 919 1618 lere
939 1557 1068 1622 modum
1090 1558 1272 1622 dubitanter

123 1657 270 1742 loquitur
291 1677 324 1738 p.
345 1659 403 1721 77:
434 1659 557 1741 „ltaque
584 1664 610 1718 si
636 1660 705 1740 quid
732 1661 866 1720 celeribus
892 1667 920 1722 in
949 1664 1040 1722 medo
1061 1665 1270 1746 relinquendum

115 1763 196 1845 fiu't,
224 1768 326 1845 qar'prpc
349 1767 400 1844 qui
417 1766 557 1838 opaga-am
582 1765 723 1824 consulere
742 1769 879 1844 potuerint
906 1767 1101 1842 tragoediam,
1131 1767 1214 1827 hodie
1239 1767 1271 1826 t'd

120 1887 242 1950 proruas
262 1867 305 1927 ad
323 1866 458 1948 ttqattm
475 1867 631 1943 perdtwere
646 1868 710 1926 celle
726 1869 843 1928 laminis
859 1879 898 1928 est
914 1869 1039 1930 tumeill’.
1083 1863 1269 1948 Quanquam

123 1989 165 2030 na
187 1987 246 2030 nos
268 1965 395 2050 quidem
416 1969 632 2050 opprobrium,
654 1966 738 2051 quod
755 1967 867 2048 nugari
882 1967 1053 2045 videamur,
1076 1967 1270 2051 usqueadeo

122 2071 385 2154 pertimescimus,
417 2083 452 2132 ut
473 2072 660 2133 sententiam
682 2075 756 2149 ejus,
782 2069 822 2131 ad
845 2091 1063 2153 quamnuper
1083 2072 1271 2136 nobilissimi

125 2175 208 2253 viri,
238 2173 427 2236 Miillerus
449 2175 530 2236 Hist.
552 2175 615 2237 Lit.
637 2175 692 2236 Gr.
718 2175 755 2235 T.
776 2175 813 2235 ll.
842 2195 874 2254 p.
899 2176 959 2237 178
989 2187 1020 2238 st
1043 2176 1270 2240 Welclterus

122 2281 218 2358 Trag.
242 2277 296 2338 Gr.
317 2277 354 2338 P.
365 2277 416 2340 lll.
437 2299 469 2358 p.
489 2279 583 2355 1009,
604 2289 809 2357 secesserunt,
831 2277 889 2340 etsi
911 2299 975 2340 non
998 2279 1101 2359 certis,
1121 2281 1270 2361 probabi·

122 2384 208 2445 libus
230 2393 334 2443 tamen
357 2381 547 2462 argumentis
569 2401 633 2442 non
656 2379 884 2444 confirmemus.

210 2486 371 2548 Est.eaim
392 2485 426 2545 in
448 2483 572 2564 scriptis
593 2497 735 2548 veterum
758 2485 925 2548 memoriae
946 2475 1124 2566 proditam,
1143 2483 1271 2566 Euripi·

121 2591 196 2655 dena
218 2587 258 2651 de
280 2590 386 2650 schola
408 2590 631 2668 Anaxagorae,
655 2588 923 2672 quem-audierit,
945 2588 1009 2652 Cic.
1032 2591 1125 2652 Tusa.
1146 2588 1199 2664 lll,
1218 2595 1270 2664 14,
1342 2653 1346 2660 ,

120 2699 156 2760 in
188 2693 309 2756 fabulae
339 2692 477 2772 plurima
510 2692 697 2755 traduxisse.
748 2689 882 2756 Diodor.
905 2694 930 2756 1.
952 2715 985 2774 p.
1006 2695 1061 2756 ²16.
1104 2691 1208 2759 Schol.
1230 2691 1269 2754 acl

119 2799 273 2882 Apollon.
294 2795 395 2861 erod.
416 2798 475 2877 tv,
496 2802 571 2860 269.
613 2798 653 2858 Et
674 2799 826 2860 nonnulla
846 2798 938 2874 hujus
959 2795 1006 2856 rei
1027 2794 1141 2858 indicia
1162 2795 1270 2859 etiam·

119 2924 207 2968 auae
230 2923 282 2984 ap.
303 2902 502 2968 Valcken.
524 2901 662 2963 Diatrib.
684 2922 709 2961 c.
730 2907 751 2962 4
772 2899 987 2962 inveniuntur.
1034 2897 1096 2960 Sed
1119 2899 1269 2980 permulti

118 3017 252 3090 postas,
282 3004 336 3067 ubi
357 3002 494 3066 animum
516 3000 556 3064 ad
578 3001 809 3084 philosophiam
832 3003 1039 3083 appulerunt,
1066 3013 1269 3082 praeceptum

117 3107 326 3191 Neoptolemi
347 3117 540 3190 sequuntur,
573 3102 658 3188 quod
685 3104 712 3166 is
739 3101 822 3183 apud
850 3102 985 3164 Ennium
1011 3099 1170 3179 defendit,
1204 3102 1272 3184 qui,

119 3234 194 3276 cum
216 3230 281 3273 non
301 3206 546 3290 adspernaretur
566 3205 735 3288 sapientiae
759 3203 916 3282 studium,
943 3205 1049 3285 paucis
1071 3214 1176 3265 tamen
1197 3204 1268 3284 plri-

117 3313 351 3399 loaophaadum
376 3313 437 3376 sibi
460 3309 593 3394 putavit.
637 3308 701 3372 Cic.
724 3310 849 3372 Tuscul.
872 3310 908 3387 ll,
932 3312 966 3388 13
988 3305 1026 3370 de
1049 3303 1138 3371 Orat.
1160 3308 1197 3384 ll,
1216 3307 1268 3368 37.

116 3425 233 3504 ltaque
250 3415 418 3499 Euripides
437 3417 471 3478 in
494 3414 757 3498 contemplatione
779 3433 884 3476 rerum
906 3409 1105 3474 Clazomenio
1127 3409 1268 3473 addictus

117 3546 186 3588 non
208 3541 332 3584 omnem
351 3524 417 3599 ejus
438 3518 612 3583 doctrinam
635 3519 800 3600 expressit,
822 3529 990 3600 propterea
1011 3513 1096 3598 quod
1117 3515 1267 3576 nonnulla

117 3627 191 3694 sibi·
205 3625 391 3706 explicavit,
423 3637 520 3708 prout
544 3622 645 3686 indoli
672 3625 813 3706 po'e'ticae
835 3622 1055 3698 convenirent,
1083 3619 1205 3702 aliaque
1228 3637 1267 3680 ex

104 3728 237 3800 ,scholis
269 3728 422 3806 eliorum,
459 3739 512 3790 aut
549 3727 671 3808 vulgari
705 3727 867 3790 hominum
904 3723 1054 3807 opinione
1091 3719 1267 3801 assumpsit.

119 3833 228 3911 Quare
250 3831 321 3908 illa,
355 3851 435 3914 quae
464 3829 502 3892 tle
530 3842 642 3892 natura
664 3828 795 3892 deorum
817 3827 982 3912 probavit,
1012 3846 1075 3888 non
1099 3825 1199 3886 solum
1227 3819 1265 3882 ad
1301 3820 1306 3828 “

118 3946 259 4000 mentem
279 3933 410 3996 illustris
432 3930 631 4014 philosophi,
663 3931 717 3996 sed
745 3932 786 3994 ed
816 3950 1009 4007 communes,
1037 3926 1166 3989 usitatas
1193 3927 1266 4004 per·

120 4049 291 4118 septusque
313 4034 505 4116 cognitiones
533 4035 665 4098 deorum
694 4035 728 4096 in
757 4035 895 4098 animum
924 4031 984 4095 sibi
1006 4027 1142 4090 induxit.
1183 4024 1265 4086 Nam

118 4142 175 4202 ille
197 4141 345 4221 physicus
366 4149 502 4200 mentem
531 4157 596 4202 esse
628 4139 721 4202 deum
750 4150 918 4214 statueret,
949 4129 1162 4212 eundemque,
1191 4126 1265 4188 licet

121 4261 230 4306 omnes
253 4255 379 4305 naturas
402 4253 544 4302 ntoveret
566 4254 661 4323 atque
683 4242 842 4318 miseeret,
867 4239 970 4320 ipsum
993 4246 1096 4295 tamen
1119 4250 1175 4291 nec
1198 4249 1265 4290 mo·

121 4346 217 4406 bilem
239 4365 322 4424 esse,
352 4363 454 4428 neque
476 4344 546 4405 aliis
566 4345 659 4404 rebus
683 4343 817 4406 misceri.
866 4343 972 4422 Atque
998 4337 1074 4396 haec
1101 4331 1265 4405 sententia,

121 4467 217 4531 quam
239 4448 351 4512 Cicero
372 4447 411 4512 de
433 4447 506 4512 Nat.
529 4447 627 4510 Deor.
647 4445 672 4526 l,
691 4451 728 4510 11
762 4447 893 4508 obscure
915 4436 1118 4521 significavit,
1135 4435 1265 4519 prima·

914 4551 980 4617 16*
