3086 4992
842 311 892 383 60

296 517 365 560 rum
388 493 590 575 docerentur,
617 497 662 559 sie
682 497 847 579 utriusque
866 497 986 559 fabulas
1007 495 1071 562 suis
1092 495 1162 578 ipse
1183 495 1282 560 oeulis
1303 511 1334 562 et
1355 501 1441 562 auri·

295 605 352 666 bus
375 613 441 662 tum
461 619 607 681 praesens
629 601 810 680 cognoverit
832 621 956 663 necesse
978 612 1034 662 est.
1077 602 1179 663 Porro
1200 602 1349 680 convicio,
1370 602 1443 685 qui·

296 707 352 767 bus
372 715 531 786 postrema
553 704 639 766 chori
660 707 756 768 verba
776 704 970 785 redundant,
1003 724 1073 766 cum
1095 704 1133 766 ad
1155 705 1364 770 Melanthium
1386 729 1443 790 pa·

294 809 373 871 riter
394 830 430 870 ac
452 811 581 872 fratrem
603 813 668 885 eius
688 811 885 892 pertineant,
910 811 943 871 in
964 812 1150 872 Morsimum
1174 812 1294 892 optime
1318 811 1442 889 cedunt,

295 1037 388 1098 quem
407 1013 519 1078 Suidas
540 1036 565 1078 s.
585 1037 638 1080 vv.
665 1015 821 1086 Μελάνθ.
846 1043 876 1085 ss·
900 1017 1011 1104 Μόρσ.
1033 1018 1217 1099 exscripsit,
1239 1019 1339 1080 multo
1361 1020 1443 1081 anti·

295 1119 388 1203 quior
410 1139 463 1198 eo,
487 1124 573 1198 eujus
596 1120 820 1202 explicationes
842 1122 944 1184 textui
964 1123 1060 1202 vulgo
1082 1124 1236 1199 subjectae
1254 1134 1344 1184 sunt:
1368 1125 1443 1188 Ms-

296 1221 441 1301 λάνθιος
450 1225 506 1291 uel
519 1220 709 1310 Μόρσιμος.
732 1224 835 1310 Λέγει
847 1219 1099 1310 Ἀριστοφάνης
1110 1226 1186 1308 περὶ
1198 1216 1313 1290 αυόάν
1323 1221 1442 1298 οὕτως·

295 1325 398 1412 ἄμφω
419 1323 603 1413 Γοργόνος,
634 1318 807 1411 ὀψοφάγοι
834 1351 865 1394 ιι.
885 1351 916 1392 τ.
938 1329 969 1394 λ.
1018 1329 1047 1390 ls
1075 1329 1172 1408 igitur
1196 1328 1309 1390 fratres
1330 1328 1442 1390 habuit

295 1433 480 1496 Moraimum
503 1444 535 1494 et
563 1431 771 1494 Melambium
801 1449 988 1514 omnemque
1018 1433 1127 1494 eomiei
1149 1434 1252 1496 locum
1281 1443 1373 1514 putat
1402 1429 1443 1491 ad

296 1555 349 1598 eos
377 1548 526 1616 spectare.
577 1533 665 1610 Quae
695 1555 765 1596 cum
795 1535 839 1598 ita
868 1547 958 1612 sunt,
993 1535 1231 1617 perversitatem
1259 1534 1444 1596 recentioris

295 1639 504 1719 grammatici,
534 1637 644 1722 quiin
669 1639 730 1700 alia
751 1649 895 1702 versatur
921 1637 1089 1716 sententia,
1119 1637 1263 1720 quamvis
1291 1636 1444 1697 Boeck·

294 1743 402 1804 hium
421 1742 476 1804 Gr.
491 1743 546 1803 Tr.
559 1745 610 1805 Pr.
623 1765 656 1822 p.
668 1745 721 1804 32.
741 1741 885 1818 moverit,
903 1752 1006 1804 tamen
1027 1742 1092 1803 illis
1107 1742 1198 1804 laeile
1219 1740 1445 1821 relinquamus,

294 1845 366 1928 qui,
387 1865 458 1906 cum
480 1842 624 1907 demere
646 1846 788 1908 locorum
810 1844 1071 1926 interpretatione
1093 1866 1192 1928 eaque
1213 1843 1308 1906 nullis
1323 1845 1444 1904 munita

294 1947 482 2011 testimoniis
519 1960 647 2028 agatur,
680 1949 899 2011 auctoritatem
935 1961 1078 2012 veterum
1110 1960 1303 2030 anteponent
1335 1960 1445 2010 nostro

294 2047 421 2126 judicio.
464 2051 607 2114 Fortasse
629 2051 710 2113 alter
732 2063 854 2115 vetusto
876 2070 964 2113 more
985 2052 1054 2133 ipse
1075 2053 1108 2112 in
1128 2072 1250 2115 soenam
1266 2049 1445 2132 prodierat3

296 2151 377 2213 alter
406 2171 483 2216 vero
514 2164 639 2215 cunctas
667 2154 792 2215 fabulae
821 2165 927 2234 partes
961 2154 1167 2217 histrionibus
1195 2153 1330 2235 agendas
1362 2173 1446 2216 com-

297 2253 434 2318 miserat.

381 2357 474 2420 Hunc
497 2359 664 2420 irriserunt
684 2371 749 2422 tras
771 2359 897 2438 comici,
919 2361 1033 2424 fabulis
1055 2357 1107 2424 01.
1123 2363 1210 2438 89,3
1233 2381 1295 2422 una
1318 2373 1446 2423 eonten-

296 2462 415 2539 dentes,
437 2479 573 2544 quorum
595 2481 675 2524 unus
690 2461 927 2544 Aristophanes,
949 2465 1030 2525 alter
1050 2463 1190 2544 Eupolis,
1212 2463 1325 2526 tertius
1339 2463 1445 2525 Leueo

294 2565 365 2628 luit.
386 2567 501 2629 Athon.
523 2566 606 2627 Vlll.
628 2587 660 2646 p.
675 2568 748 2628 343.
778 2563 988 2650 Κωγιφδοῦοι
1009 2558 1038 2630 δ’
1063 2558 1172 2631 odedu
1193 2560 1245 2630 ἐπ’
1267 2558 1446 2651 ὀψοφαγία

295 2664 438 2736 Aeduus
461 2673 496 2736 ἐν
516 2665 716 2752 Φράσοροιν,
737 2661 989 2750 Ἀριστοφάνης
1009 2669 1047 2731 ἐν
1064 2662 1213 2754 Ελρῆνγ,
1235 2660 1447 2750 Φερεκράτης

296 2773 333 2836 ἐν
356 2767 508 2860 Πετάλῃ.
551 2773 599 2832 οο
628 2769 784 2852 Eupolide
807 2769 971 2832 Scholiast.
1004 2769 1044 2832 ad
1070 2771 1141 2831 Pac.
1164 2772 1247 2832 804:
1270 2769 1325 2834 nol
1354 2762 1446 2834 αολό

296 2874 430 2955 μᾶλλον
467 2880 504 2941 ἐν
530 2888 600 2948 sote
628 2871 780 2950 Κόλαξιν
811 2869 970 2946 Εὔπολις
1001 2869 1188 2959 διαβάλλει.
1240 2870 1304 2934 Sed
1331 2873 1445 2932 Pacem

296 2974 516 3058 Aristophanis
543 2997 612 3039 cum
648 2975 778 3057 reliquis
808 2974 993 3052 comoediis,
1025 2987 1059 3038 ut
1088 2977 1227 3038 Petalam
1249 2975 1444 3037 Pherecratio

296 3080 448 3158 omittam,
471 3080 509 3143 de
534 3103 596 3165 qua
614 3082 694 3142 nihil
717 3091 854 3158 constat,
876 3079 987 3142 eodem
1008 3099 1091 3142 anno
1113 3079 1235 3142 doctam
1258 3098 1335 3154 esse,
1356 3098 1374 3138 e
1394 3075 1446 3138 di·

297 3180 430 3245 doscella
452 3184 656 3262 intelligitur,
679 3203 758 3264 quae
780 3181 830 3242 illi
851 3181 973 3242 labulae
995 3181 1226 3263 praemittitur:
1258 3179 1386 3265 ἐνίκησα
1408 3180 1444 3249 δὲ

296 3284 342 3370 τῷ
377 3283 526 3368 δράμασι
560 3279 578 3350 ὁ
610 3279 756 3368 ποιητάς
792 3283 847 3348 ἐπὶ
884 3279 1048 3371 άρχοντος
1075 3277 1238 3350 Ἀλκαίου
1268 3287 1307 3347 ἐν
1339 3277 1445 3348 doses.

298 3385 430 3465 πρῶτος
461 3380 620 3458 Εὔπολις
650 3383 796 3464 Κόλαξι,
832 3382 992 3470 δεύτερος
1020 3379 1269 3469 Ἀριστοφάνης
1296 3381 1446 3474 Ελρὴνγγ,

298 3485 412 3566 τρίτος
441 3480 585 3551 Λεύκων
613 3484 821 3572 Φράισρσιν.
864 3487 996 3568 Eupolis
1025 3506 1102 3550 vero
1130 3485 1340 3548 Melanthione
1370 3501 1445 3550 ante
1526 3499 1527 3512 ¹

299 3604 482 3669 vexaverat,
509 3613 603 3675 quem
626 3596 693 3656 Pax
715 3592 805 3656 docta
827 3605 884 3656 est.
927 3595 995 3655 Hoc
1017 3593 1099 3654 enim
1128 3613 1220 3656 seneu
1249 3591 1355 3655 Schol.
1375 3592 1398 3652 l.
1422 3592 1445 3650 1.

300 3697 381 3756 8⁰8:
406 3689 459 3760 ὅτι
480 3689 546 3778 γάρ
576 3689 594 3762 ὁ
619 3694 823 3772 Μελάνθιος
847 3689 1041 3782 ὀψοφάγος,
1064 3697 1261 3780 προείρηται
1282 3695 1338 3760 stul
1364 3687 1444 3776 παρ’

298 3793 469 3865 Εὐπόλιδι
505 3801 542 3862 ἐν
573 3794 834 3883 Ἀστρατεύτοις
863 3823 933 3864 cum
963 3800 1174 3863 Meinelsio
1203 3800 1326 3878 Fruges.
1354 3794 1444 3856 Cous.

298 3899 352 3961 Gr.
374 3901 410 3961 T.
426 3903 449 3962 l.
471 3923 504 3981 p.
514 3905 580 3963 436
603 3903 874 3984 interpretamur.'
902 3905 968 3966 Nec
993 3904 1102 3984 paullo
1124 3913 1195 3983 post
1218 3901 1446 3980 Aristophanes

298 4005 331 4064 in
352 4005 471 4066 Avibus
494 4005 522 4064 ei
544 4006 696 4085 pepercit.
740 4003 791 4070 01.
814 4011 868 4084 91,
885 4011 915 4069 2.
959 4007 1132 4086 Diogenes,
1161 4009 1247 4082 cujus
1269 3999 1446 4081 tragoedias

300 4106 491 4186 vituperavit
503 4107 587 4169 Plut.
611 4106 650 4169 de
664 4108 772 4170 Audit.
797 4113 827 4186 5,
849 4129 887 4170 eo
909 4121 1050 4191 tempore
1072 4109 1163 4186 vixit,
1185 4125 1249 4190 quo
1270 4103 1446 4169 dominatio

299 4209 427 4285 triginta
448 4209 590 4273 virorum
621 4214 742 4273 sublata
765 4224 821 4289 eet,
847 4212 936 4274 Suid.
965 4233 992 4274 s.
1017 4233 1047 4275 r·
1071 4211 1242 4295 Διογένης,
1269 4207 1321 4272 01.
1341 4212 1397 4286 94,
1414 4213 1445 4268 4·
1524 4181 1527 4294 λ

303 4305 394 4380 Quod
421 4333 517 4374 unum
548 4316 700 4394 temporis
729 4313 878 4378 indicium
909 4315 1053 4396 sequitur
1085 4312 1264 4374 Vossius
1284 4311 1308 4371 l.
1328 4311 1350 4370 1.
1395 4308 1444 4371 Ad

302 4418 472 4470 extromum
495 4428 682 4478 senectutem
708 4417 863 4497 pervenit,
894 4418 921 4479 si
943 4416 1069 4499 quidem
1092 4415 1247 4498 parasitus
1269 4412 1445 4476 Alexandri
