3048 4998
269 319 345 398 204

621 495 847 586 Ἐξηκεστίδης
864 502 948 592 ἔχων
968 501 1073 596 ῖόροιν

391 605 508 700 Ἔργον
531 605 679 694 Εόδόξοσ
708 607 848 677 τιταίνει
868 611 1025 704 ψῖδνρσν
1048 611 1161 697 εὐήθη
1190 611 1311 702 νόμον.

270 719 471 810 Polymnesti
491 715 684 807 Colophonii
705 716 881 788 citharoedi
901 725 1022 794 mentio
1053 732 1181 815 praeter
1208 723 1336 794 multos
1366 727 1444 794 alios

270 829 360 896 locos
393 833 499 894 exstat
531 845 581 916 ap.
611 823 731 893 Cratin.
759 826 796 892 [τ.
828 825 939 895 inceu.
970 827 1089 900 CXLll
1115 853 1167 922 ap.
1197 831 1314 901 Schol.
1348 835 1442 901 Arist.

270 935 329 1026 Eq.
355 933 447 1000 1284.

397 1041 455 1106 καὶ
478 1032 727 1124 Πολομνὴστει’
757 1035 861 1104 «talou
879 1039 1045 1126 μουσικήν
1064 1065 1099 1108 τε
1119 1042 1311 1130 perbereos

272 1147 413 1218 Boockh.
433 1146 485 1214 Fr.
505 1146 567 1214 inc.
590 1145 683 1214 Pind.
704 1148 756 1214 87.
779 1147 841 1215 Th.
864 1147 981 1240 Bergk.
1003 1149 1185 1222 Comment.
1207 1175 1239 1242 p.
1257 1155 1332 1220 230
1351 1175 1425 1245 sqq.

356 1254 555 1324 Eunitlanum
576 1255 721 1336 nomine,
752 1258 828 1345 (qua
851 1255 892 1322 δα
914 1267 1012 1347 gente
1033 1257 1247 1326 citharoedica
1268 1270 1304 1328 et
1329 1259 1445 1328 orche

272 1369 352 1433 stica
384 1371 453 1430 arte
485 1359 710 1427 florentissima
744 1360 881 1429 llleinel.
910 1363 985 1432 Vol.
1007 1362 1043 1450 ll,
1068 1366 1082 1431 1
1108 1389 1138 1457 p.
1160 1366 1215 1433 56.
1248 1366 1319 1434 etri.
1354 1367 1446 1459 jubet

272 1471 390 1538 llleurs.
413 1465 516 1534 Loctt.
540 1469 604 1532 no.
626 1465 668 1549 V,
694 1468 742 1533 10.
777 1466 886 1536 Voles.
909 1467 1065 1562 Harpoer.
1089 1495 1120 1564 p.
1141 1473 1194 1539 34.
1234 1469 1298 1540 Th.
1323 1472 1445 1564 Bergk.

273 1578 456 1646 Comment.
475 1595 505 1666 p.
522 1573 573 1639 to.
608 1570 741 1641 Bossler
760 1573 800 1642 de
823 1573 917 1647 Gont.
942 1578 1005 1644 Au.
1022 1599 1052 1668 p.
1064 1581 1120 1664 50)
1153 1580 1306 1648 Cratinus
1344 1590 1445 1647 totam

272 1684 433 1776 inscn'psit
453 1679 603 1749 fabulam.
646 1678 797 1772 Denique
829 1682 856 1749 si
885 1705 964 1751 vem
993 1693 1043 1752 est
1069 1684 1223 1776 Honstigii
1244 1685 1285 1754 al
1310 1687 1445 1773 Quinet.

272 1791 347 1861 lnst.
372 1787 585 1872 0r.l‚1o‚7
609 1789 809 1880 conjectura:
836 1790 947 1879 „apud
970 1813 1067 1883 quem
1090 1791 1318 1860 Pronomus
1345 1792 1444 1882 (vulg.

272 1898 467 1981 Prodamus)
499 1904 531 1963 et
557 1894 716 1962 musicam
744 1905 777 1963 et
805 1894 915 1962 literas
946 1897 1073 1966 docet''
1123 1898 1278 1965 Pronomi
1309 1923 1445 1992 quoque

274 2003 616 2074 commemorationem
643 2003 764 2068 lacenet
784 1999 917 2094 Eupolis
938 2005 971 2070 in
993 2004 1107 2096 Cepn's
1130 2005 1170 2072 el.
1191 2006 1228 2072 ln.
1250 2004 1295 2089 X,
1320 2007 1382 2075 Xl.
1405 2044 1444 2056 -

274 2113 328 2180 De
349 2113 514 2180 Pronomo
537 2110 575 2177 cl.
598 2105 741 2178 Boeckh.
764 2107 857 2176 dllP.
879 2132 909 2200 p.
932 2111 998 2176 260
1018 2121 1052 2178 et
1072 2110 1223 2179 Bellemn
1246 2111 1266 2179 l.
1289 2113 1312 2180 l.
1338 2138 1371 2205 p.
1394 2114 1443 2179 41,

275 2219 344 2287 Sed
363 2215 445 2285 haec
466 2215 631 2286 hactenus.
683 2214 880 2284 lllusicomm
913 2217 999 2286 enim
1024 2219 1294 2309 κωμῳδουμένων
1322 2219 1444 2290 catalo-

276 2347 355 2418 gum
375 2323 468 2394 facile
489 2321 591 2391 multo
613 2325 770 2414 majorem
792 2345 811 2390 e
828 2323 1026 2392 comicorum
1041 2326 1229 2418 fragmentis
1244 2349 1442 2419 componere

275 2434 390 2526 possis.
411 2469 453 2482 --
474 2431 612 2500 Videtur
633 2439 741 2498 autem
769 2427 851 2496 haee
874 2453 971 2521 quam
1001 2431 1230 2524 desumpsimus
1259 2431 1443 2526 corruptela

276 2542 416 2608 musices
440 2540 537 2606 etiam
556 2539 619 2608 arti
641 2559 715 2604 cum
737 2534 889 2620 saltandi,
913 2547 982 2605 tum
1004 2561 1086 2608 voce
1108 2541 1246 2609 canendi
1267 2541 1366 2608 valde
1387 2539 1441 2605 ob-

275 2649 386 2714 fuisse.
439 2643 488 2712 Αο
520 2643 560 2712 de
592 2638 771 2710 orchestica
806 2643 895 2710 testis
929 2654 979 2712 est
1005 2645 1099 2715 Plato
1135 2671 1186 2740 ap.
1214 2647 1332 2717 Athen.
1355 2645 1441 2725 XIV,

301 2807 307 2822 .
331 2754 395 2820 528
415 2749 457 2820 D.

277 2777 298 2846 P
342 2852 403 2938 τός’
426 2858 461 2924 εἴ
479 2879 529 2935 τις
547 2849 689 2946 ὠρχεῖτ’,
705 2841 743 2922 ul
764 2852 876 2942 θέαμ’
905 2843 948 2939 ἦν
976 2858 1036 2924 νῦν
1062 2860 1098 2927 δὲ
1120 2859 1244 2951 δρσῖσιν
1270 2859 1382 2942 οὐδέν,

341 2961 418 3032 ἀλλ’
447 2956 559 3053 δ’σσερ
580 2957 789 3044 ἀπόπληκτοι
810 2962 941 3048 στάδην
960 2966 1078 3048 ἐςσῖτες
1096 2964 1272 3059 ιόρόσνται.
1318 2965 1321 2970 ’

279 3086 311 3144 et
332 3074 520 3164 Metagenes
540 3095 590 3163 ap
614 3069 708 3139 Phot.
731 3096 761 3163 p.
782 3074 855 3142 591.
879 3077 908 3142 9.
1484 3149 1485 3158 ¹

321 3179 372 3259 τῖη
398 3175 521 3268 τρόπος
547 3171 675 3258 ἵππιον,
703 3174 747 3257 τῖς
775 3177 810 3245 δ’
838 3178 1016 3269 ὀρχοῦνται
1046 3180 1105 3248 τόν
1132 3183 1344 3271 βαρβαρικόν
1369 3174 1437 3267 τρό-

904 3310 970 3355 πον
990 3282 1113 3357 ἵππιον.

280 3396 334 3464 De
361 3394 530 3463 furibunda
556 3391 732 3462 saltationis
762 3397 872 3484 specie
904 3397 1000 3464 etiam
1027 3395 1188 3466 Pratinas·
1203 3398 1294 3491 queri
1320 3401 1436 3476 videtur

282 3527 332 3594 ap.
352 3503 467 3570 Athen
489 3499 578 3582 XlV,
598 3500 663 3568 614
684 3499 723 3568 Β.

367 3607 417 3686 τῖς
439 3605 465 3690 ὁΙ
480 3603 632 3694 θόρυβος
652 3598 724 3686 tte,
748 3603 781 3672 τό
802 3607 966 3694 (sicCod.)
990 3605 1133 3678 τάδετὰ
1152 3607 1363 3700 χορεύματας

367 3713 417 3806 τίς
438 3705 533 3804 ὕβρις
555 3711 671 3802 ἔμολεν
696 3714 752 3780 ἐπὶ

369 3818 573 3892 Διονυσιάδα
594 3818 815 3912 ασλοπατόμι
838 3823 1009 3910 &optilam

367 3930 447 4014 ἐμὸς
469 3928 548 4016 ἐμός
568 3925 587 3995 ό
607 3924 765 4015 Βρόμιος,

368 4037 425 4124 ἐμὲ
446 4037 500 4103 δεῖ
516 4035 676 4122 κελαδεῖν,
696 4037 751 4120 ἐμὲ
775 4035 827 4102 δεῖ
844 4037 1012 4120 ,παταγεῖν
1032 4039 1101 4104 κτλ.

283 4145 428 4213 Pertinet
448 4143 511 4212 huc
534 4143 630 4211 etiam
652 4141 690 4208 τό
707 4139 966 4231 κρεμβαλιάζειν,
988 4143 1028 4212 de
1050 4167 1113 4236 quo
1130 4143 1271 4234 Hesych.
1294 4135 1437 4234 κογχύλια

283 4254 341 4318 καὶ
362 4247 523 4340 ὀοτρόιιισι
544 4249 799 4340 σνγιιρστσῦντες
820 4246 957 4341 ἐριομόν
978 4248 1052 4341 (leg.
1066 4247 1252 4344 ἔρροδμόν)
1275 4271 1352 4316 τινα
1370 4236 1439 4334 ἦχον

285 4355 458 4424 ἀποτελεῖν
481 4364 548 4434 τοῖς
569 4352 791 4445 ὀρχουμένοις.
825 4359 864 4426 cl.
888 4355 1024 4425 lleineln
1042 4357 1112 4429 hist.
1136 4361 1203 4426 ont.
1227 4381 1257 4448 p.
1280 4358 1355 4425 252.
1388 4349 1436 4420 lh.
