3088 5008
267 797 362 850 „i
407 677 469 852 ’
527 713 924 848 rusurensi).
1028 820 1033 862 ἶ

651 941 802 958 Μ

144 1088 260 1226 Onu
287 1167 306 1218 a
339 1146 547 1242 tragicorum
574 1139 772 1239 Comicique
802 1142 951 1218 lectione
977 1167 1121 1238 recens,
1147 1145 1198 1218 ad
1223 1151 1311 1244 per·-

143 1265 312 1359 legendos
338 1261 646 1361 Deipuoscpbistos
672 1285 729 1338 me
755 1261 946 1354 dedissem,
976 1275 1013 1340 ut
1039 1269 1068 1341 si
1095 1289 1182 1362 quae
1207 1268 1242 1340 in
1269 1267 1311 1340 iis

144 1387 361 1462 scenicorum
395 1393 575 1483 poetarum
592 1381 754 1458 'laterent
788 1382 953 1491 reliquiae
983 1388 1126 1482 pristino
1160 1385 1311 1460 nondmn

74 1557 78 1566 ,
143 1507 320 1582 restitutae
347 1504 462 1594 nitori,
494 1502 616 1581 iisdem
637 1517 708 1597 'ego
735 1502 996 1596 auxiliatricem,
1023 1508 1053 1582 si
1078 1503 1154 1580 fieri
1180 1515 1313 1604 posset,

37 1715 40 1722 y
144 1641 283 1701 manum
313 1622 555 1713 admoverem,
594 1640 677 1696 casu
707 1624 827 1699 nescio
864 1637 934 1718 quc¹
967 1625 1004 1698 in
1036 1624 1313 1722 desperatissima

143 1743 231 1818 libro
260 1744 311 1822 rt
336 1745 468 1820 intexta
501 1739 624 1835 ecloga
657 1739 872 1818 Philoxenea
906 1741 1029 1818 diutius
1060 1754 1227 1820 moratmu
1242 1813 1245 1818 .
1259 1746 1314 1820 rei

145 1862 326 1940 difficultas
338 1881 423 1940 mox
434 1870 616 1958 tarntopere
633 1883 689 1937 me
702 1861 869 1954 incitavit,
888 1869 924 1935 ut
940 1864 1115 1956 congestis
1126 1865 1312 1939 undecun-

145 2007 212 2079 que
240 1993 274 2060 et
293 1980 456 2062 conuiuii
474 1991 517 2062 ,et
542 1980 742 2084 medicorum
769 1979 957 2056 carminum
979 1981 1193 2076 fragmentis,
1219 1985 1313 2060 irus*

145 2104 262 2196 ginem
286 2099 456 2198 quandum
481 2102 548 2176 viri
568 2097 772 2194 adumbrare
795 2099 979 2180 studerem.
1033 2103 1133 2190 Quod
1150 2125 1227 2176 cum
1241 2109 1313 2176 non

144 2243 251 2318 posse
276 2218 353 2298 lieri
379 2243 462 2298 mox
487 2219 716 2314 intelligerem
743 2229 822 2292 unte
849 2239 948 2314 quim
975 2230 1078 2296 totum
1092 2222 1173 2299 mihi
1192 2221 1313 2322 dithpe

145 2339 341 2420 reinberum
374 2342 470 2436 quasi
504 2340 629 2416 faciem
662 2349 998 2436 repraesentassem,
1030 2341 1130 2418 brevi
1161 2350 1312 2418 metum

145 2460 273 2556 lyricis·
292 2480 368 2538 cunr
396 2458 652 2558 dithyrambica
674 2460 880 2556 praesertim
909 2461 1163 2557 quaestiouibus
1179 2464 1226 2537 itu
1240 2463 1312 2537 irn-

146 2580 295 2676 pliciturn
323 2582 505 2676 conspexi,
530 2590 567 2656 ut
592 2576 780 2656 schedulae
805 2601 882 2652 curn
907 2581 1070 2658 redactae
1096 2585 1131 2654 in
1156 2581 1313 2660 ordinem

147 2709 265 2774 esseut
291 2698 611 2795 conglutinatioque
637 2696 777 2796 praeter
797 2704 1090 2796 exspectationem
1110 2704 1313 2778 succrevis-

148 2828 225 2894 sent
251 2818 294 2894 nd
321 2818 397 2896 libri
416 2818 589 2911 ambitum,
615 2839 715 2912 quem
734 2819 764 2897 si
781 2819 952 2923 integrum
969 2843 1062 2894 nunc
1075 2821 1187 2896 lucem
1204 2837 1313 2918 spac-

147 2947 221 3012 ure
247 2937 418 3034 publicum
441 2937 563 3034 jubeo,
588 2959 660 3013 non
685 2957 828 3026 vereor,
854 2957 900 3010 ne
919 2936 1099 3012 molestum
1119 2943 1313 3033 ingratum·-

147 3079 215 3151 que
249 3059 434 3152 injungere
468 3056 654 3136 lectoribus
684 3053 838 3133 laborem
874 3055 1018 3131 videar:
1061 3061 1225 3153 reputatis
1258 3062 1313 3152 iis,

148 3198 236 3270 quae
261 3177 470 3274 Bippurtiani
496 3176 573 3252 libri
600 3175 756 3252 censuris
788 3173 934 3270 praefati
960 3181 1049 3250 sunt
1065 3175 1312 3254 Schneidewia

147 3317 213 3371 nus
236 3297 499 3396 Kaysernsque,
526 3296 584 3374 ille
607 3298 643 3371 in
669 3293 1313 3393 nundurtuneeeeurnggp.1373,

147 3414 202 3500 bic
228 3416 360 3493 Nuncc.
373 3417 529 3492 Menace.
546 3439 598 3490 nr.
615 3414 702 3506 138,
716 3439 749 3512 p.
765 3413 824 3486 dt.
879 3414 998 3510 Itaque
1020 3419 1092 3507 J'em
1118 3416 1228 3492 vade
1253 3416 1313 3496 lii-2

147 3532 264 3608 neri
310 3535 472 3634 Ceterum
499 3534 691 3633 praefando
715 3533 877 3616 nonnulla
901 3533 1094 3631 proferam,
1122 3559 1210 3631 quae
1236 3537 1315 3614 addi

149 3652 294 3748 singulis
319 3639 484 3752 capitibus
508 3655 629 3730 velim:
655 3653 725 3730 Ad.
740 3678 772 3750 p.
788 3652 826 3745 8,
845 3651 904 3728 tit.
932 3647 1102 3750 Μύρμηξ
1123 3651 1143 3726 d
1170 3651 1315 3733 dialex-

147 3769 247 3854 τικὸς
274 3767 478 3870 φιλόσοφος
504 3781 788 3850 commemoretur
811 3796 830 3846 a
851 3773 1313 3869 Diog.Laert.11,11,113

150 3901 185 3966 et
212 3889 331 3988 steph.
345 3894 432 3990 Byr.
452 3918 484 3990 p.
502 3893 591 3985 120,
607 3893 630 3968 6
647 3894 830 3967 Westrrn.:
862 3935 906 3948 —-
935 3917 966 3990 p.
991 3895 1053 3986 17,
1071 3895 1132 3970 28.
1158 3893 1314 3968 Schnei-

152 4011 310 4085 dewinns
328 4017 419 4106 conj.
448 4013 497 4092 εἰς
515 4009 562 4084 ccl
578 4007 660 4106 περὶ
676 4005 877 4106 Kpdcuruu:
905 4053 954 4068 -
980 4036 1012 4108 p.
1030 4011 1093 4103 44,
1112 4011 1146 4084 6.
1174 4012 1314 4091 Plenius
1394 4047 1397 4052 ·

151 4116 275 4206 entiam
300 4130 403 4208 babet
427 4132 540 4228 Etpm.
561 4130 650 4207 Gud.
666 4130 757 4222 302,
771 4130 820 4202 26
848 4131 986 4207 additis:
1012 4127 1080 4202 καὶ
1100 4127 1263 4230 ‹lyrtniccuv
1278 4130 1315 4204 οἱ

36 4308 40 4316 .
150 4244 277 4340 <idcirco
328 4252 425 4346 Lege
443 4246 600 4350 ’Ἰγνητες
618 4248 653 4327 οἱ
674 4243 811 4325 ‘Pidrou
828 4250 882 4324 cll.
894 4250 1010 4347 Apoll.
1030 4249 1171 4347 Dyscol.
1187 4275 1218 4348 p.
1238 4252 1314 4326 548

152 4367 265 4440 Sturz.
295 4380 328 4442 et
355 4370 804 4466 Hesych.Tom.Il,p.1ii
831 4369 888 4442 nbi
915 4371 1004 4443 inter
1028 4369 1062 4443 ll.
1083 4369 1116 4442 lt.
1145 4369 1186 4443 ab
1209 4373 1312 4468 intpp.
