3060 5000
818 331 895 406 254

288 523 341 590 Ait
360 541 436 588 vero
456 539 529 584 1.1.
551 516 713 603 Διογένης
732 512 755 601 ἦ
778 515 957 604 Οἰνόμαος
976 509 1166 602 ’Adqvnter
1184 513 1354 604 1111111111,
1374 519 1431 605 yi-

287 652 390 715 yooeo
409 626 464 694 ἐπὶ
490 625 549 710 τῆς
573 623 640 689 τῶν
660 616 688 688 λ’
708 617 931 696 καταλύσεως.
980 619 1098 684 Eadem
1119 621 1186 680 fere
1207 620 1323 685 Eudoc.
1344 623 1431 686 viot.

286 754 322 814 p.
343 733 418 792 132.
467 725 526 787 Η11
555 736 658 786 eutem
685 721 868 788 adversetur
898 722 1054 804 Diogenes
1082 723 1121 784 1.
1141 723 1197 801 vl,
1220 727 1251 801 2,
1281 728 1341 803 12,
1376 724 1430 807 qui

287 835 409 897 1111111111
429 852 448 892 s
469 825 566 908 8111111
589 826 742 906 Diogeni,
773 848 867 910 quem
889 824 1083 891 Oenomaum
1105 825 1323 904 cognominare
1346 825 1431 888 vide-

287 950 359 1014 tur,
387 934 522 996 tributas
550 927 699 994 adscribit
727 931 862 1011 Diogeni
891 925 1077 1012 ffinepensi,
1110 927 1167 1011 qni
1198 927 1326 1010 quidem
1355 929 1430 992 olim

287 1039 392 1108 Κύων
414 1035 589 1118 appellatus
611 1045 669 1095 est.
710 1034 834 1097 Etenim
861 1032 955 1098 modo
983 1054 1034 1095 eas
1061 1033 1094 1094 in
1123 1051 1222 1114 opere
1250 1031 1431 1114 philosophi

286 1141 401 1220 refert,
434 1139 528 1203 modo
557 1137 676 1201 dictum
704 1137 813 1220 Cynici
841 1159 882 1202 ex
910 1139 1049 1220 Thyesta
1079 1137 1135 1199 1111
1163 1135 1269 1198 fabule
1299 1136 1430 1217 profert.

286 1247 342 1324 Vt,
363 1248 394 1322 2,
416 1245 446 1306 7.
490 1240 693 1322 Quapropter
715 1242 788 1303 irinc
816 1240 935 1322 duplex
957 1239 1152 1302 eruditorum
1176 1239 1430 1302 homiminem.-

286 1345 539 1422 tsntieexstitit,
559 1363 629 1405 cum
650 1356 704 1406 sut
727 1343 790 1406 duo
811 1346 980 1426 scriptores
1000 1341 1175 1406 consentire
1191 1342 1429 1418 arbitrarentur,

286 1450 377 1531 qussi
400 1448 526 1530 cynicus
548 1465 719 1526 cognomen
742 1444 894 1510 Oenomai
917 1447 1084 1524 habuisset,
1106 1457 1161 1508 sut
1183 1445 1333 1526 tragicum
1356 1451 1429 1526 po'e'·

287 1565 351 1614 tam
379 1553 472 1632 longe
503 1549 599 1610 elium
629 1571 665 1612 nc
692 1551 916 1633 philosophum
946 1551 1041 1612 fuisse
1074 1547 1226 1612 adversus
1254 1547 1428 1625 Diogenem

284 1654 446 1718 inertium
468 1651 703 1714 contenderent.
739 1655 852 1737 Atque
871 1655 907 1716 in
929 1654 985 1716 11111
1008 1651 1111 1714 cuncti
1132 1650 1339 1732 perstiterunt
1361 1649 1428 1730 opi-

285 1757 395 1837 nions,
417 1769 496 1840 quot
516 1767 718 1836 susceperunt
741 1777 808 1820 seru
831 1757 1114 1839 quaestiunculam,
1136 1765 1171 1816 ut
1191 1753 1265 1816 Lit.
1289 1752 1428 1834 Gyrnl·

286 1857 360 1924 dus
381 1859 507 1938 Dislog.
529 1859 602 1921 Vll.
623 1883 657 1941 p.
676 1863 752 1938 281,
773 1861 1082 1940 Hugo'Grotius
1104 1860 1254 1940 Excerpt.
1275 1877 1316 1920 ex
1335 1857 1428 1936 Trag.

285 1975 319 2024 11
340 1961 432 2025 'Com
452 1964 602 2025 Annotet.
624 1985 656 2044 p.
679 1965 760 2042 672,
782 1964 952 2028 Vossius
974 1987 1006 2046 p.
1027 1961 1324 2042 45‚.Fabricius
1346 1961 1429 2025 Bibi.

285 2064 342 2128 Or.
363 2066 401 2126 T.
422 2066 460 2126 11.
482 2086 514 2145 p.
533 2069 613 2145 295,
643 2066 795 2145 tragicum
815 2089 834 2128 a
856 2066 1047 2146 philosopho
1067 2065 1295 2142 discernentes,
1323 2085 1429 2144 perse·

285 2179 436 2230 verorunt
458 2167 551 2230 etiam
573 2179 682 2232 nostre
702 2169 854 2232 memoris
874 2167 1103 2232 Pessouius
1128 2167 1322 2248 Lineement.
1345 2167 1428 2228 Hist.

284 2269 347 2332 Lit.
373 2270 428 2332 Gr.
457 2293 490 2351 p.
511 2273 572 2349 86,
601 2272 849 2334 Welckerus
872 2270 1025 2352 Tragoed.
1056 2270 1109 2333 Gr.
1139 2271 1174 2332 P.
1195 2271 1249 2333 111.
1277 2291 1310 2351 p.
1335 2273 1427 2348 1037,

283 2370 439 2434 Bodius
460 2372 541 2434 Hist.
562 2373 619 2436 Rei
638 2373 756 2438 Scenic.
776 2396 810 2456 p.
823 2377 900 2438 558.
941 2372 1084 2438 Mirabili
1104 2393 1182 2438 vero
1202 2371 1235 2436 id
1258 2393 1329 2434 casu
1349 2375 1429 2434 scci-

284 2473 398 2552 disset,
431 2486 466 2537 ut
495 2472 558 2536 duo
586 2475 728 2540 homines
759 2489 1043 2556 commutarentur,
1073 2475 1215 2559 quamvis
1236 2474 1320 2538 inter
1340 2497 1373 2538 se
1395 2488 1428 2536 et

283 2578 387 2659 patria
414 2588 446 2638 et
474 2578 657 2658 cognomine
679 2591 710 2640 et
731 2581 854 2642 meritis
875 2591 978 2642 essent
999 2579 1125 2644 diversi.
1166 2581 1269 2642 Porro
1291 2580 1319 2644 si
1340 2581 1428 2642 iabu-

282 2678 394 2742 laced
417 2681 552 2742 alterum
573 2683 763 2762 Diogenem,
790 2697 937 2768 tanquam
959 2682 1162 2763 scriptorem,
1186 2682 1357 2765 aliquando
1378 2705 1427 2746 re·

236 2825 239 2842 .
281 2786 364 2846 lutae
380 2783 510 2846 fuissent
525 2783 615 2866 isque
636 2805 805 2866 cognomen
825 2788 982 2851 habuisset
997 2784 1158 2864 Oenomai,
1178 2789 1322 2866 mirarer,
1341 2787 1427 2870 quod
1520 2795 1521 2802 ’

282 2890 362 2950 irene
384 2887 564 2969 opinionem
587 2909 644 2952 nec
663 2890 839 2971 Diogenes,
868 2912 971 2973 neque
1001 2890 1097 2952 ceteri
1125 2903 1266 2954 veterum
1294 2892 1428 2972 scripto·

281 3012 351 3052 rum
374 3003 500 3074 praeter
521 2990 649 3054 Suidnm
679 3006 710 3056 et
731 2995 900 3060 Eudociam
923 3017 986 3060 non
1009 2993 1265 3078 praeteritionem
1288 2994 1426 3073 silentio,

281 3116 352 3158 oum
374 3094 462 3159 veria
482 3093 597 3172 iudicia
625 3095 665 3158 de
693 3099 846 3180 scriptore
872 3101 983 3164 harum
1003 3102 1179 3162 tabularum
1201 3097 1327 3178 copiose
1352 3118 1427 3177 pro·

280 3211 454 3280 ponerent,
483 3199 630 3278 mirarer,
654 3195 726 3262 eum
747 3201 832 3264 inter
853 3206 1012 3285 Diogenes
1031 3227 1082 3286 sp.
1102 3203 1238 3282 Diogen.
1258 3200 1299 3264 L.
1316 3201 1372 3278 Vl,
1396 3206 1426 3280 2,

282 3305 322 3364 13
344 3293 467 3364 1111111111
485 3297 587 3364 locum
609 3314 735 3382 tenere,
764 3305 826 3369 nisi
848 3308 917 3390 quis
940 3309 1018 3371 falso
1040 3309 1123 3369 hunc
1144 3305 1257 3388 quinto
1278 3306 1349 3367 loco
1371 3327 1428 3386 ap-

280 3406 433 3486 pellatum
466 3425 532 3468 esse
563 3402 725 3470 ansicum
757 3421 881 3488 censet,
917 3410 972 3493 qui
1000 3423 1032 3473 et
1059 3409 1197 3492 poeticas
1227 3407 1428 3489 quaestiones
1469 3469 1473 3480 ,

279 3506 445 3586 tractavit,
478 3507 613 3586 Diogen.
634 3507 673 3568 L.
692 3509 715 3570 1.
737 3511 778 3589 1.,
808 3524 838 3576 11
871 3514 1008 3575 carmina
1038 3513 1155 3594 tragica
1182 3511 1267 3574 fecit.
1310 3510 1427 3572 Strabo

281 3607 370 3670 XIV.
392 3628 425 3689 p.
447 3611 521 3671 675.
564 3609 627 3674 Sed
648 3613 748 3676 multo
769 3615 927 3678 recentior
950 3628 997 3678 est
1019 3628 1103 3677 aetas
1124 3616 1324 3678 Tersieorum
1347 3621 1427 3693 poe·-

278 3721 390 3774 tarum.
434 3710 646 3777 Adversamur
662 3717 759 3796 igitur
776 3719 849 3780 huic
865 3718 1047 3797 sententiae,
1069 3718 1188 3800 quippe
1209 3736 1287 3800 quse
1310 3736 1427 3796 parum

277 3816 451 3896 probabitis
472 3814 624 3881 videatur.
666 3819 747 3882 lllud
768 3841 845 3884 vero
866 3821 958 3884 nobis
981 3821 1197 3903 quaerendum
1217 3832 1284 3898 est,
1314 3832 1425 3882 utrum

277 3917 389 3981 Suidas
412 3916 451 3981 de
473 3921 590 3999 altero,
612 3943 707 4003 quem
728 3923 780 3986 isti
804 3923 942 4004 fingunt,
964 3924 1105 4004 Diogene
1128 3923 1286 4006 disputet,
1314 3943 1354 3984 an
1378 3943 1426 4000 ea,

277 4042 357 4103 quae
377 4023 539 4104 proponit,
560 4023 592 4084 in
612 4023 764 4106 Cynicum
783 4027 979 4091 conveniant.
1023 4024 1171 4090 Omnium
1187 4027 1327 4108 primurn
1343 4023 1426 4085 utri-

278 4143 339 4206 que
361 4144 474 4186 nornen
496 4125 631 4208 Diogeni
652 4129 730 4208 suit,
760 4128 873 4192 deinde
895 4131 1045 4192 ambobus
1068 4128 1195 4191 eaedem
1217 4129 1341 4190 fabulae
1364 4126 1427 4188 tri·

278 4228 429 4295 buuntur.
471 4229 537 4292 Nec
557 4232 674 4304 mentio
702 4231 822 4313 patriae
853 4234 973 4316 obstet,
1005 4235 1107 4319 quod,
1140 4255 1210 4296 cum
1240 4229 1427 4312 Sinopensis

276 4329 482 4412 philosophus
505 4333 610 4412 fuerit,
630 4334 765 4414 tragicus
782 4343 875 4416 po'e'ta
897 4339 1029 4418 patriam
1052 4337 1189 4400 traditur
1206 4335 1346 4398 Athenas
1369 4334 1426 4394 he·
1520 4393 1521 4408 ,

277 4429 390 4492 baisse.
432 4433 512 4496 Nam
531 4436 649 4520 quippe
669 4437 704 4518 is,
726 4439 829 4522 patrie
850 4441 969 4534 relicte,
991 4443 1130 4507 Athenas
1152 4461 1185 4510 se
1208 4437 1342 4502 contulit
1363 4435 1426 4498 ibi·
