3076 4998
656 325 728 400 179

111 503 225 586 pidum
248 503 316 587 ipse
338 506 450 570 novem
474 505 631 572 mensibus
652 507 834 589 devicisset,
855 513 1011 578 Plutarch.
1026 515 1139 580 Pericl.
1160 541 1186 582 c.
1205 525 1265 602 283

111 608 147 670 id
169 621 277 670 autem
299 610 417 672 bellum
442 611 474 672 iu
503 610 554 675 01.
576 616 627 691 84,
645 619 671 674 -4
693 605 815 677 incidit.
864 616 906 679 Et
927 619 1096 682 memoriae
1118 622 1268 702 prodide-

96 723 173 790 rat,
196 711 385 792 orationem,
408 735 471 796 qua
494 705 583 776 Cinio
606 717 846 782 Atheniensibus
868 721 1034 801 persuasit,
1055 734 1092 785 ut
1112 725 1268 788 Lacedae·

112 815 230 878 moniis
253 815 403 880 adversus
418 819 547 879 Helotes
564 819 716 892 auxilium
734 822 907 884 mitterent.
928 821 975 884 td.
988 823 1068 886 Cim.
1084 826 1135 889 to.
1177 829 1266 891 Mor·

114 932 190 980 tuus
211 931 270 997 est,
292 921 461 1004 antequam·
476 921 702 1002 Aristophanes
724 923 832 987 docuit
852 926 974 1004 Pacem,
993 925 1100 1006 idest,
1122 943 1193 994 ante
1214 930 1265 996 01.

113 1027 168 1102 90,
190 1028 222 1086 2.
265 1024 302 1084 ln
325 1025 387 1086 hac
406 1023 489 1084 enim
512 1025 616 1086 tabula
638 1025 843 1106 interroganti
865 1028 1002 1108 cuidam,
1023 1049 1139 1094 verena
1159 1035 1263 1098 locum

114 1127 202 1188 inter
219 1128 327 1189 stellas
345 1140 474 1190 teneant
489 1129 618 1208 mortui,
640 1131 745 1192 Voss.
767 1131 806 1193 ad
826 1132 915 1212 Virg.
935 1133 1050 1212 Georg.
1068 1135 1108 1197 T.
1119 1137 1144 1198 1.
1165 1157 1198 1218 p.
1213 1141 1264 1218 58,

115 1231 278 1308 vulgarem
298 1231 478 1312 opinionem
495 1234 613 1313 probet
630 1235 802 1315 Trygaeus,
820 1255 951 1318 cumque
973 1251 1194 1315 argumentum
1208 1240 1265 1303 ad·

115 1332 275 1395 versarius
295 1337 433 1414 postulet
460 1337 503 1396 ac'
516 1355 614 1416 porro
635 1336 826 1416 interroget,
857 1340 927 1421 quis
950 1340 1110 1402 hominum
1133 1361 1266 1424 occupa·-
1358 1357 1361 1362 ’

116 1435 202 1500 verit
222 1457 292 1498 eam
312 1435 435 1516 sedem,
466 1439 573 1500 Iouem
597 1438 710 1502 Chium
732 1441 868 1522 exempli
896 1443 996 1522 gratia
1017 1443 1162 1506 nominat
1184 1449 1264 1510 835:

240 1535 323 1604 Ἴων
345 1535 487 1619 d‘Xloc',
511 1539 614 1625 ὅσπερ
637 1543 794 1628 ἐποίησεν
814 1539 921 1610 πάλαι

246 1639 375 1707 ἐνθάδε
395 1637 456 1708 τὸν
475 1633 595 1709 ’Actio
616 1639 713 1723 ποθ’,
734 1638 777 1718 uic
800 1641 832 1710 δ’
845 1638 940 1728 ἦλθ’,
959 1644 1089 1721 εὐθέως

244 1733 363 1810 ’Aetne
386 1737 491 1819 ariade·
511 1737 803 1816 advertentem
824 1739 958 1830 decipe.

115 1841 200 1904 Nem
220 1840 249 1902 is
269 1842 386 1905 lecerat
399 1841 660 1925 ’dithyrambum,
680 1846 854 1908 Scholiasta
874 1853 971 1927 teste,
992 1847 1037 1910 ita
1056 1868 1203 1912 exorsus:

248 1935 592 2030 'Aolnuoiepcpoisuv
614 1941 737 2030 ἀστέρα
758 1949 872 2014 ml.

116 2044 181 2123 Qui
204 2068 276 2112 cum
297 2048 394 2113 uineis
419 2048 611 2114 sublimitate
632 2061 728 2132 atquc
749 2052 919 2114 uerborum
942 2062 1066 2114 tumore
1087 2055 1264 2134 excelleret,

116 2150 267 2233 quoniam
285 2151 408 2234 antiqui
423 2154 524 2214 libros
541 2175 558 2215 a
573 2151 804 2234 primo‘eorum
818 2156 917 2217 verbo
930 2154 1152 2234 nominabant,
1165 2157 1264 2220 lons.

116 2253 157 2316 de
179 2253 297 2334 Script.
317 2237 403 2316 Hist.
421 2255 479 2316 Ph.
499 2256 537 2332 ll,
555 2258 585 2332 5,
601 2257 631 2320 7.
672 2257 831 2320 Pasaow.
852 2256 891 2318 ad
911 2258 998 2318 Pers.
1019 2258 1087 2320 Sat.
1103 2261 1192 2339 1‚oo‚
1214 2281 1265 2322 ac-

117 2356 210 2434 cidit,
233 2368 268 2417 ut
290 2359 441 2438 aequales
458 2358 556 2420 facete
578 2341 704 2439 poetam
723 2352 1022 2426 ’Autoe‘vacarenu
1062 2363 1174 2444 ltaque
1193 2363 1268 2424 Ari·

117 2459 289 2541 stophaues'
316 2461 378 2522 laoc
404 2459 528 2524 nomine
554 2461 673 2540 utitur,
705 2471 746 2524 ut‘
761 2463 866 2524 Ionem
894 2463 978 2524 inter
1004 2465 1109 2526 stellas
1129 2466 1264 2528 relatum

39 2586 41 2592 ·
117 2583 186 2625 esse
211 2561 391 2641 confirmet,
420 2583 484 2627 non
512 2582 576 2645 quo
599 2563 706 2626 vivum
734 2565 893 2628 leunsinem
919 2566 953 2626 in
976 2577 1142 2628 numerum
1165 2570 1265 2630 coele-

117 2658 215 2730 stium
244 2686 411 2750 corpoream
439 2669 553 2748 probet
581 2666 710 2746 abiisse,
739 2667 794 2730 sed
818 2668 853 2730 id
880 2681 1002 2733 tantum
1027 2671 1265 2750 argumentandi

118 2771 242 2832 ratione
262 2769 398 2846 ludens,
412 2781 449 2830 ut
470 2787 597 2847 nomen,
618 2769 705 2854 quod
726 2791 746 2834 a
765 2772 901 2834 carmine
922 2773 1012 2838 rivus
1034 2789 1207 2858 acceperet,
1231 2775 1264 2838 id

118 2886 253 2955 propter
271 2873 486 2949 mutationem,
509 2874 657 2955 quamsit
672 2885 746 2953 poet
766 2886 901 2936 mortens
921 2879 1079 2957 eripartus,
1098 2886 1192 2958 pos'ta
1210 2879 1267 2939 has

119 2980 196 3038 bere
216 2975 374 3040 videatur.
390 3008 405 3036 κ
424 2975 577 3055 Quocirca
601 2987 686 3036 recte
711 2973 900 3035 scholiastae
929 2978 1085 3058 φαίνεται
1109 2977 1145 3044 δὲ
1171 3003 1264 3044 ases-

119 3067 290 3162 lsv'elpsuic
313 3083 348 3147 da
371 3077 511 3145 suriano.
552 3079 657 3159 Atque
679 3077 739 3138 hoc
760 3077 935 3154 Bentlejo
958 3075 1074 3158 Oposc.
1094 3099 1128 3158 p.
1146 3081 1212 3140 aaa
1234 3091 1266 3138 et

118 3181 331 3246 Wclclsero
348 3183 441 3260 Trag.
456 3181 511 3242 Gr.
527 3181 561 3241 P.
572 3183 625 3242 lll.
642 3179 919 3261 peroptabant.
961 3180 1041 3241 Nam
1065 3180 1271 3260 epigramms,

120 3304 187 3368 quo
210 3285 245 3345 lo
267 3297 401 3347 mortem
421 3284 581 3366 Euripidis
602 3283 814 3366 deploravisse
835 3283 944 3360 fertur,
963 3281 1134 3362 Antholdg.
1146 3280 1201 3342 Gr.
1213 3283 1265 3360 lll,

120 3391 174 3463 26,
204 3385 288 3450 haud
310 3386 405 3450 dubie
426 3388 568 3468 spurium
591 3400 638 3450 est
660 3399 754 3468 atque
776 3384 895 3464 homini
916 3384 1048 3446 debetur
1068 3405 1265 3470 nequequam

121 3510 277 3556 annorum
298 3509 408 3570 gnaro,
427 3492 543 3572 quibus
564 3490 661 3554 vitam
679 3492 770 3567 hujus
786 3489 987 3570 assignamus.
1029 3489 1177 3552 Attamen
1190 3493 1268 3552 haec

120 3594 274 3676 temporis
298 3593 505 3676 computatio,
528 3592 673 3675 quamvis
694 3591 869 3654 illustribus
890 3590 1077 3654 testimoniis
1097 3605 1204 3677 atquer
1216 3616 1267 3656 ra·

121 3694 419 3774 tionibuslirmata,
446 3696 574 3758 omnino
596 3697 794 3758 refelleretur
814 3709 1056 3776 neceseeesset,
1085 3695 1112 3758 si
1134 3709 1213 3760 esset
1233 3696 1266 3758 id

120 3805 251 3878 veruln,
280 3799 367 3883 quod
393 3799 523 3881 plurimi
543 3811 739 3877 asseverant,
768 3800 841 3862 hnic
862 3812 969 3879 partes
988 3821 1006 3860 a
1027 3800 1156 3861 Platone
1179 3798 1266 3859 datas

120 3907 207 3978 esse,
235 3922 313 3986 quas
333 3905 368 3966 Io
389 3903 566 3979 Socraticus
587 3903 679 3974 ineo
701 3902 826 3981 dialogo
848 3903 958 3980 habet,
989 3920 1052 3982 quo
1075 3900 1113 3962 de
1136 3902 1266 3980 rhapso-

121 4002 237 4068 dorum
258 4027 389 4069 munere
411 4005 601 4086 disputatur.
651 4007 706 4068 Est
727 4007 811 4068 enim
833 4007 908 4068 haec
932 4002 1084 4068 sententia
1105 4003 1174 4062 Lil.
1196 4001 1266 4080 Gy·

120 4106 238 4186 raldi,
263 4111 334 4171 Jul.
355 4109 545 4187 Scaliger-i
567 4111 653 4171 Pots't.
673 4109 696 4187 l,
718 4113 772 4187 46,
800 4108 941 4186 Delrli,
964 4105 1146 4186 Menagii,
1168 4103 1266 4164 Flur.
1339 4121 1344 4131 ·

121 4209 360 4275 Christiani
393 4211 604 4274 Commentar.
634 4209 671 4274 ad
703 4213 866 4292 Aristoph:
889 4212 960 4274 Pac.
987 4211 1060 4270 835.
1112 4205 1267 4266 Miramur

121 4334 201 4380 seru
229 4314 405 4378 Leonem
428 4317 644 4393 Allatium,
680 4318 924 4396 exprobrantem
954 4307 1147 4392 Gyraldo,
1181 4308 1264 4392 quod

119 4417 197 4480 talia
230 4420 319 4493 utillo
347 4417 533 4499 argumento
564 4418 623 4480 sibi
653 4417 864 4500 persuasisset.
916 4413 996 4476 Nam
1029 4413 1124 4474 verba
1152 4403 1266 4476 Stlidae

916 4524 981 4585 12*
