3076 4998
780 335 867 414 1186

257 521 383 610 genere,
403 523 520 608 partim
541 522 628 608 quod
648 523 744 588 aeteri
763 524 947 606 aeriptoree‚·
972 522 1028 606 qui
1049 521 1241 586 mentionem
1263 524 1403 589 iecerunt

257 631 359 709 ionia,
390 651 407 692 a
430 631 551 693 scenico
577 649 691 709 genere
711 627 887 708 tragoedias
906 638 1029 688 tantum
1051 638 1265 693 memorarunt
1286 628 1405 709 ipeum·

255 755 322 817 que
343 743 471 816 poetam
491 733 643 814 tragicum
665 732 824 812 dixerunt,
846 733 963 813 partina
981 732 1133 814 quoniam
1149 731 1183 794 in
1204 731 1343 814 antiquie
1365 732 1405 792 li·

257 837 323 901 bria
346 855 571 919 saepenumero
597 836 745 898 ¹similiter
769 847 908 898 erratum
929 827 988 896 eet'.
1030 835 1256 917 Namque-hoe
1277 835 1404 897 nomine

259 939 345 1022 apud
369 940 463 1004 Suid.¹
480 961 505 1004 a.
521 961 553 1003 v.
568 934 650 1006 'Iar
671 932 838 1024 τραγικός,
859 939 976 1001 Athen.
996 937 1069 1001 vn.
1092 958 1124 1019 p.
1137 940 1212 1016 318,
1237 937 1349 1002 Schoi.
1362 935 1403 1001 ad

256 1042 421 1126 Aristoph.
442 1043 515 1105 Pac.
534 1043 616 1105 83⁵2
648 1040 836 1128 τραγῳδίας
860 1035 1026 1125 ποιητής,
1058 1041 1191 1102 Peraean.
1212 1041 1282 1118 vn,
1308 1047 1340 1118 43
1362 1043 1403 1102 6:

253 1143 348 1212 Ἴαικι
370 1146 418 1222 δὲ,
439 1146 484 1232 τῳ
506 1138 686 1230 ποιήσαντι
708 1143 913 1229 τραγῳδίαν,
934 1143 1021 1207 Sext.
1035 1145 1154 1225 Empir.
1169 1142 1403 1210 adamantem.

256 1247 296 1326 11,
308 1252 351 1310 24
365 1248 415 1312 ed.
427 1249 521 1316 Febr.
537 1241 709 1329 τραγικός,
731 1245 845 1308 Strabo
861 1243 949 1310 XIV.
970 1265 1004 1325 p.
1020 1247 1100 1308 6452
1118 1239 1202 1312 Ἴων
1222 1269 1258 1312 τι
1279 1245 1300 1314 ά
1320 1269 1404 1330 τρα-

255 1350 361 1434 γικός,
382 1353 571 1432 Harpocrat.
592 1370 618 1411 a.
638 1371 670 1412 v.
684 1345 765 1417 Ἴων
786 1393 795 1412 .
816 1394 824 1413 .
846 1393 855 1412 .
877 1346 1032 1426 .”Ιωνος,
1053 1349 1116 1416 τοῦ
1136 1350 1197 1432 τῆς
1217 1347 1403 1434 τραγῳδίας

256 1456 417 1537 ποιητοῦ,
437 1454 583 1516 Eustath.
604 1450 643 1514 ad
664 1455 758 1516 Hom.
779 1451 840 1518 Od.
861 1475 895 1535 p.
917 1455 1020 1516 tatae
1044 1447 1126 1520 Ἴων
1145 1451 1183 1519 di
1203 1447 1222 1517 d
1243 1449 1402 1538 τραγικός

254 1552 415 1618 laudatur.
517 1599 521 1608 ·
1277 1595 1282 1604 -

287 1703 290 1712 .
343 1657 406 1721 Sed
433 1663 496 1736 jam
527 1657 566 1720 de
597 1657 677 1740 ipeie
707 1657 829 1719 dicetur
857 1659 948 1735 hujue
977 1654 1158 1736 tragoediis.
1203 1654 1322 1716 Mirum
1343 1665 1403 1730 eei,

255 1760 342 1842 quod
367 1763 470 1824 tribue
491 1762 568 1823 looie
589 1761 714 1840 legitur,
736 1762 774 1822 ab
797 1761 868 1822 aliie
889 1758 1062 1838 duodecim,
1083 1759 1154 1822 aliie
1174 1758 1312 1837 triginta,
1332 1759 1404 1821 aliie

254 1863 462 1946 quadraginta
477 1863 619 1947 denique
642 1866 760 1928 sabariae
783 1864 813 1926 ei
833 1866 966 1926 tributae
981 1883 1059 1942 esee,
1074 1861 1177 1945 idque
1192 1883 1228 1923 aa
1244 1861 1283 1923 de
1298 1883 1405 1924 caum

256 1967 382 2047 mirum,
405 1963 490 2053 quod
516 1969 668 2031 dieaeneio
688 1969 817 2033 videtur
837 1983 959 2033 vetuua
980 1969 1075 2031 iuieee
1090 1967 1268 2050 eademque
1291 1987 1331 2028 ex
1349 1987 1405 2029 ve·

256 2083 360 2133 terum
374 2073 498 2153 scriptia
516 2071 555 2134 de
568 2073 644 2134 Ione
660 2072 699 2139 ad
716 2080 860 2136 nostram
871 2074 1052 2136 memoriam
1067 2069 1258 2154 pereenime.
1299 2071 1404 2134 schot

256 2175 326 2236 Pau.
347 2177 371 2238 1.
390 2177 412 2236 l.
434 2169 592 2259 δράματα
613 2173 651 2242 di
672 2169 784 2242 αὐτοῦ
811 2173 949 2254 άάδοκα,
970 2181 1002 2244 ei
1024 2177 1061 2242 de
1081 2171 1286 2258 τριάκοντα,
1307 2171 1404 2240 ἄλλοι

254 2275 293 2343 di
320 2271 570 2361 τιααάρακακτά
602 2299 717 2360 maore.
759 2275 850 2342 Suid.
870 2301 894 2342 e.
915 2301 948 2342 τ.
991 2278 1108 2340 Eudoo.
1129 2299 1162 2359 p.
1184 2283 1258 2340 248.
1310 2275 1404 2339 Unde

255 2379 344 2460 quod
371 2381 405 2441 in
435 2392 523 2442 tauta
542 2379 678 2442 fontium
701 2381 903 2444 multitudine
930 2402 993 2445 non
1017 2389 1192 2464 potuerunt
1211 2394 1334 2446 veteres
1355 2379 1403 2440 di·

255 2482 385 2560 spicere,
414 2481 448 2544 id
472 2484 616 2564 aequiter
635 2505 655 2544 a
675 2486 767 2546 nobie
788 2486 1001 2570 nequidquam
1023 2489 1223 2568 exploratum
1240 2485 1296 2546 iri.
1337 2481 1401 2546 sed

254 2583 400 2646 tredecim
423 2598 496 2649 eunt
518 2585 658 2664 sabariae,
686 2609 818 2672 quarum
841 2591 984 2668 nomina,
1012 2592 1064 2654 ael
1085 2589 1235 2673 reliquiae
1256 2586 1403 2666 coguovi-

255 2709 335 2750 mue.
389 2687 473 2751 Nem
504 2691 609 2772 primo
643 2675 713 2754 loeo
743 2696 1085 2774 Agamemnonem
1117 2693 1328 2767 nominemus,
1355 2692 1400 2751 ab

256 2791 371 2853 Athen.
392 2793 448 2854 Xl.
469 2813 502 2874 p.
522 2797 586 2856 468
610 2795 645 2872 C,
666 2795 809 2858 Euatath.
830 2796 985 2860 ad-Hom.
1004 2817 1038 2878 p.
1058 2799 1140 2859 aaut
1152 2839 1162 2875 ,
1190 2795 1277 2858 stou.
1298 2794 1401 2858 serm.

255 2893 319 2958 Tit.
343 2897 414 2974 tuo,
438 2899 495 2974 16,
522 2898 705 2978 Hesyc'h.'a.
728 2899 780 2962 va.
808 2895 952 2968 ἱππικὸν
977 2897 1106 2988 χλῑδας,
1136 2897 1268 2984 medaea]
1290 2891 1404 2983 ὕπνῳ,

253 2995 418 3060 Scholiaet.
429 2996 468 3059 ad
480 2999 641 3080 Arieteph.
656 3002 716 3063 Aa.
729 3006 815 3063 1110
829 3002 966 3064 citatum.
978 3035 1022 3052 -
1039 3003 1148 3063 Alam
1159 3019 1205 3062 en
1214 3019 1242 3059 a.
1268 2998 1402 3079 Heeych.

255 3119 282 3162 e.
303 3121 335 3163 v.
356 3100 604 3185 καταφράκτοις
627 3119 756 3192 ψυχαῖς.
801 3107 911 3167 Altero
933 3107 1016 3182 leco,
1044 3106 1100 3167 ubi
1119 3103 1203 3166 idem
1225 3103 1403 3183 gramineu-

255 3223 310 3264 oue
333 3203 621 3272 eaodemiabulam
635 3207 749 3270 *laudat
771 3229 796 3270 a.
817 3229 849 3270 v.
873 3202 1067 3292 αὕτάμετοι,
1088 3201 1258 3293 eirenem
1280 3199 1403 3278 devenir

254 3306 310 3370 καὶ
333 3310 576 3387 θαυμαστικῶς
598 3313 731 3397 ἔχουσαι
751 3313 903 3377 ἑορτάν..
937 3310 1019 3378 Ἴων
1038 3303 1236 3396 Ἀλκμὴαῃ,
1267 3309 1403 3372 eilber-

253 3405 351 3482 tiue,
372 3409 518 3486 plurimis
540 3412 795 3492 assentientibus,
817 3433 930 3476 nomen
952 3408 1135 3502 Ἀλκμήνῃ
1155 3412 1309 3488 1111111131,
1331 3431 1402 3472 111111

253 3507 288 3568 in
305 3506 396 3569 librie
412 3503 661 3600 Ἀλκαρῳμὴαῳ
681 3536 847 3596 perperam
865 3517 1031 3598 legeretur.
1074 3518 1138 3578 Jul.
1153 3517 1274 3578 Polluc.
1290 3517 1330 3592 X,
1341 3519 1401 3577 23:

253 3613 292 3676 ἐν
314 3609 353 3676 δὲ’
372 3634 416 3696 τῳ
430 3609 548 3687 ”lover
568 3612 760 3706 Ἀλιὶμάαῃ,
781 3616 800 3685 ὃ
821 3623 871 3695 εἰς
886 3614 949 3704 τήν
963 3620 1024 3702 τῆς
1039 3619 1169 3704 τροφῆς
1183 3611 1402 3700 παρασκευὴν

253 3703 309 3792 ἦν,
325 3713 515 3798 θολακάακη
528 3712 733 3801 decipiamur.
745 3757 790 3772 --
811 3722 964 3800 Argivi.
984 3722 1216 3800 Fragurentum,
1227 3719 1315 3802 qued
1327 3717 1402 3780 iude

253 3813 426 3896 Hesychius
454 3837 478 3879 a.
507 3840 538 3882 τ.
569 3815 673 3902 οαράν
703 3823 815 3902 habet,
845 3825 967 3904 egregie
995 3823 1333 3886 Hemate'rhuaiua
1360 3821 1400 3883 ad
1533 3833 1534 3840 ³

252 3917 382 3980 Luoian.
401 3919 525 3982 Timon.
546 3943 578 4003 p.
592 3925 655 3986 145
678 3927 826 3990 correxit.
845 3959 888 3975 -·
910 3925 1149 4009 Eurytidae.
1178 3925 1270 4004 Quod
1286 3945 1400 3989 nomeu

253 4040 323 4086 oum
344 4034 426 4084 eeeet
447 4023 650 4106 rarieeimum,
672 4050 851 4112 quanquam
873 4029 1018 4110 plurimie
1038 4030 1073 4092 iu
1090 4028 1182 4090 libris
1198 4027 1331 4090 mirifiee
1348 4027 1402 4090 de·
1531 4069 1532 4072 =

253 4135 421 4204 praeatum
442 4138 505 4203 eet,
534 4139 638 4190 tamen
664 4131 857 4209 emendatio,
884 4131 999 4214 quaid
1023 4131 1140 4214 ubique
1163 4130 1299 4193 editores
1320 4130 1402 4192 reie·
1528 4158 1531 4177 ι

253 4241 373 4304 cerunt,
394 4227 427 4288 in
452 4228 679 4294 dubitationem
702 4235 812 4316 nequit
838 4236 955 4298 uocari.
998 4235 1034 4296 iu
1054 4233 1147 4296 codd.
1168 4235 1304 4316 Heayeh.
1325 4253 1351 4293 e.
1371 4255 1402 4294 a.

253 4324 342 4411 ι’ἦϊος
363 4326 537 4417 Ἐρατίδοιι
559 4335 684 4416 legitur.
728 4339 897 4422 Postquam
926 4338 1179 4402 Schraderue
1208 4333 1403 4418 Ἐροτίδαις

255 4430 397 4512 arripuit,
423 4435 519 4515 qued
547 4439 651 4501 neeeio
679 4461 769 4505 num·
784 4445 883 4526 poeeit
910 4443 1039 4507 ouruine
1061 4441 1208 4522 probari,
1239 4439 1400 4500 leaacue
