3088 5008
1263 298 1312 370 45

154 477 329 545 Cassandr.
352 497 382 566 p.
402 477 453 544 49.
483 476 595 568 Steph.
616 473 715 561 γόνος
744 471 957 564 Ἠριδόνοιο.
983 499 1014 568 p.
1038 477 1107 544 152.
1135 473 1314 544 Ῥννδιίκον

154 583 268 650 ποτῶν
289 570 398 666 γόνος.
428 606 459 673 p.
475 584 534 656 53.
551 579 783 670 Κνλισιοίρνον
801 578 913 670 μόνος.
938 583 1070 651 ¹Gallim.
1096 584 1181 674 apud
1208 584 1312 650 Strab.

153 691 220 773 tx,
242 713 274 780 p.
287 690 361 756 397.
385 688 554 777 Βηφιίρον,
569 687 678 774 μόνος.
717 692 779 758 etr.
801 691 921 780 Mnsgr.
946 691 986 758 ad
1002 690 1077 759 Eur.
1094 689 1206 780 Suppl.
1221 692 1312 756 1156.

155 795 457 878 SeuaeterMetet.
478 797 556 867 Cn't.
592 800 735 888 pagii).
769 835 812 846 -
861 822 891 863 v.
917 797 968 862 50.
1026 789 1117 884 dc'yea}
1148 803 1219 864 vet.
1242 794 1314 864 cod.

153 900 338 992 Schweigh.
361 899 581 992 Vugaztxa.
604 903 726 974 Grotel
750 914 782 971 et
804 903 830 970 F
831 904 888 970 ior.
912 899 1026 990 ἔπεχεν.
1045 942 1088 954 η
1109 902 1163 968 ἐπί
1184 901 1314 990 τέρψιν]

154 1012 211 1078 clr.
234 1007 310 1075 Eur.
331 1007 465 1098 Cyclop.
483 1033 513 1076 v.
531 1011 605 1084 520.
649 1011 797 1080 Metricas
819 1011 962 1099 priorum
985 1011 1229 1076 exercitationes
1251 1008 1316 1076 huc

154 1115 299 1189 attulisse
321 1113 399 1180 nihil
420 1115 562 1198 interest,
585 1139 782 1207 quamquam
804 1114 987 1206 Schweigh.
1011 1115 1190 1198 confitetur,
1212 1115 1315 1183 liben‘*

154 1233 205 1290 ter
226 1245 262 1288 se
285 1241 341 1286 eos
363 1221 396 1286 in
418 1220 564 1286 versibus
588 1221 805 1311 dispeseendis
828 1231 975 1290 secutum
999 1245 1079 1289 esse.

239 1325 431 1415 Nuperrime
458 1350 536 1394 vero
565 1325 701 1396 Meinek.
730 1328 822 1394 Torn.
839 1327 878 1409 ll,
903 1352 932 1418 p.
945 1329 1025 1410 644,
1050 1351 1147 1418 quern
1169 1327 1314 1416 sequitur

153 1431 272 1524 Bergk.
287 1431 333 1510 xP.
350 1431 387 1499 L.
400 1432 456 1500 Gr.
480 1456 553 1525 pag.
572 1434 637 1500 857
671 1433 755 1504 hanc
789 1435 860 1518 laci,
886 1437 1119 1502 restitutionem
1148 1433 1314 1502 metricam

153 1539 337 1629 proposuit:

197 1652 209 1680 *
255 1651 268 1680 *
309 1641 361 1710 Σιί
382 1643 417 1710 δὲ
439 1640 538 1710 τόνδε
561 1644 705 1732 βακχίαν

284 1747 465 1873 ἐόδρροον
487 1748 596 1840 πλήρη
618 1751 859 1838 μετανιπτρίδα
882 1751 975 1833 δέξαι

305 1851 400 1984 πραΰ
417 1855 451 1922 τί
473 1879 525 1924 τοι
546 1856 696 1956 Βρόμιος
716 1855 817 1946 γόνος
837 1852 913 1924 τόδε
936 1856 1051 1936 δοῦς’
1036 1861 1100 1928 ant.
1111 1860 1230 1946 τέρψιν

305 1959 433 2041 πάντας
454 1960 541 2056 όίγει.
586 1973 599 2002 *
643 1973 657 2002 *
701 1973 714 2002 *

154 2072 220 2138 cn.
244 2093 374 2162 quoque
396 2072 530 2140 Meinek.
556 2073 610 2140 Gr.
644 2073 736 2140 Com.
764 2069 816 2139 Fr.
836 2070 889 2153 Ill,
911 2093 984 2161 pag
997 1999 1069 2138 542.
1121 2071 1217 2138 Sed
1209 2093 1242 2136 ιιι
1264 2067 1312 2136 his

152 2177 299 2250 versibus
327 2187 394 2247 tota
424 2181 473 2246 vis
500 2181 591 2268 perit.
640 2180 763 2267 Versus
794 2187 869 2246 sunt
898 2188 1008 2268 aperte
1038 2201 1080 2246 en
1111 2179 1226 2246 eodem
1256 2199 1313 2265 ge·

152 2308 247 2365 nere,
275 2307 339 2375 quo
361 2284 483 2377 reliqui
509 2325 556 2344 .--
583 2261 835 2372 μετανιπτρίδα
849 2285 954 2372 δόξαν]
978 2286 1032 2353 cfr.
1055 2283 1173 2373 Diphil.
1197 2281 1311 2352 Athen.

152 2390 219 2474 XI,
240 2391 303 2464 487
324 2413 351 2458 a.

425 2654 427 2662 .
475 2601 605 2694 (Bergk.
628 2605 740 2696 fragm.
760 2607 798 2692 5,
819 2629 892 2697 pag.
913 2607 998 2692 857).

209 2757 212 2762 -
238 2709 351 2779 Athen.
362 2708 424 2792 Xl,
447 2734 520 2801 pag.
539 2711 604 2776 476
622 2711 659 2777 Ε.
710 2709 888 2794 Φιλόξενος
907 2711 942 2778 δ’
968 2709 986 2778 ό
1011 2705 1187 2798 Κυθήριος
1209 2711 1245 2776 όν
1267 2708 1313 2800 τῷ

151 2815 561 2906 ἐπιγραφομίνμΔείπνῳ
586 2819 711 2903 φησίν·
739 2818 869 2884 ἐπίνετο
890 2857 934 2868 -
954 2817 1084 2906 μικρὸν.
1126 2819 1162 2886 Ιιι
1185 2819 1312 2884 univer-

151 2945 226 2990 sum
248 2921 334 2990 hunc
355 2924 464 2998 locum
492 2947 534 2990 ex
561 2922 710 2998 kleinekii
733 2929 815 3016 conj.
840 2925 927 3007 dedi,
959 2949 1057 3016 quem
1079 2926 1175 2990 etiarn
1196 2923 1234 2988 B.
1257 2922 1276 2987 l.
1292 2920 1311 2986 l.

152 3031 314 3121 sequitur,
344 3031 406 3096 nisi
437 3029 523 3121 quod
554 3051 612 3119 pro
641 3027 755 3097 πίνετο
783 3031 870 3121 quod
898 3033 968 3122 ipse
995 3031 1082 3112 vult,
1106 3032 1142 3096 in
1165 3028 1314 3096 codicum

151 3135 291 3214 lectione
315 3137 500 3212 asseverari
522 3132 674 3221 (ἐπίνετο)
698 3159 773 3202 curn
791 3136 968 3207 Dindorfin.
1011 3137 1071 3204 Est
1093 3137 1178 3204 enirn
1200 3157 1313 3200 versus

154 3245 195 3312 ab
217 3244 306 3320 ‚initio
329 3263 463 3312 mancus
487 3265 525 3310 ae
548 3241 747 3313 desideratur
776 3254 968 3333 anapaestus
991 3267 1019 3310 e.
1041 3267 1073 3334 g.
1099 3238 1175 3310 τότε
1198 3239 1231 3305 δ’
1253 3226 1313 3306 οὗν

124 3347 292 3419 ’ἐπίνετο
314 3389 358 3402 —-
379 3375 409 3416 v.
429 3351 481 3418 50.
525 3343 639 3436 πῶμ’]
672 3370 747 3418 cum
769 3347 874 3430 Fien,
902 3350 1029 3434 Dindl.‚
1050 3348 1167 3440 Bergk.
1191 3348 1313 3438 scripsi,
1354 3353 1356 3356 ’

152 3479 351 3552 quamquam
371 3455 525 3525 librorum
549 3451 643 3540 πόμα
667 3451 777 3541 (πόμ’)
799 3479 865 3524 non
888 3457 974 3526 male
995 3481 1047 3526 rne
1068 3455 1211 3524 liaberet.
1248 3455 1312 3522 Ta·

153 3587 230 3630 rnen
252 3587 365 3630 versus
388 3561 513 3653 plenius
538 3562 690 3652 quiddam
712 3572 812 3630 sonat.
838 3563 902 3630 Cn.
923 3563 1058 3634 Person.
1083 3565 1123 3630 ad
1145 3561 1268 3630 Heeub,
1281 3586 1311 3627 v.
1335 3617 1336 3622 ,

152 3671 226 3736 396.
249 3668 379 3736 Fiorillo
399 3666 519 3734 l..-—t
476 3692 571 3735 -—.v
593 3669 644 3734 51.
685 3669 852 3757 χρυσέαις]
876 3671 916 3737 Μ.
938 3671 976 3740 Β.
1018 3671 1145 3762 Vulgo:
1164 3670 1311 3758 χρυσαῖς.
1395 3682 1410 3706 ’

153 3777 222 3860 ct,
245 3799 328 3869 quae
358 3777 440 3845 infra
463 3776 605 3844 dicemus
629 3774 669 3842 ad
692 3775 817 3842 Philnx.
842 3777 1014 3869 Cyclops
1000 3777 1157 3845 fr..-ll
1190 3773 1311 3859 καίων]

153 3883 197 3952 Μ.
220 3878 503 3974 vulgassemus.
525 3880 663 3952 casaub.
685 3868 1311 3973 μεμόλων.-ἐβρέχοντοδάν]ΜΒ

119 4073 123 4078 ¹
152 3989 279 4079 Vulgo:
301 3985 566 4112 dsspegovdd—
589 3978 774 4077 [duanam]
797 3989 932 4058 Meinek.
957 3991 1073 4083 adjeeit
1093 4011 1159 4056 non
1182 3987 1311 4054 absone.

152 4094 357 4186 Berglein:‘
343 4098 476 4182 οταῖροι,
497 4093 603 4160 minus
628 4102 776 4182 apte-
803 4096 960 4187 Bergkius
984 4120 1095 4164 versus
1117 4094 1314 4182 distinguere

152 4203 265 4272 noluit.
287 4203 340 4275 De
364 4202 462 4276 verbo
487 4199 614 4286 βρέχειν
635 4198 674 4265 cl.
698 4199 833 4270 Meinek
855 4204 946 4272 Corn.
969 4201 1020 4272 Fr.
1040 4199 1113 4268 Vol
1134 4198 1181 4268 lll.
1205 4223 1234 4289 p
1251 4199 1310 4264 147

153 4310 194 4378 ad
217 4309 385 4400 Antiphan.
409 4310 521 4398 fragm.
544 4306 655 4372 ineert.
674 4303 818 4375 XXXV.
1322 4337 1325 4342 ·
