3072 5012
1217 311 1290 408 ne

128 501 234 568 liceat.
278 501 344 567 Cir.
368 497 503 568 Meinek.
525 495 607 566 Hist.
629 499 696 566 crit.
719 499 811 589 poa
863 494 1191 586 Schweighaeuserus
1222 498 1292 586 qui-

130 609 206 675 dem
227 629 306 674 curn
327 605 520 674 Casaubono
542 609 575 680 in
597 603 764 672 Athenaeo
788 601 951 691 Ναυπλίῳ
972 602 1198 694 conigeudum
1220 626 1293 670 esse

128 723 219 781 ratus
243 723 300 794 est,
322 713 395 780 ideo
420 711 506 804 quod
528 715 561 780 in
582 710 714 803 Nauplii
736 710 843 778 fabula
864 721 1039 801 tempestas
1055 712 1096 776 sit
1110 710 1291 790 notissima3

126 831 165 888 ‘at
187 843 245 887 cur
265 821 298 886 in
320 822 455 888 navita
474 819 671 908 tempestatis
695 817 867 908 descriptio
886 839 951 884 non
968 840 1071 908 aeque
1086 817 1195 884 locum
1211 817 1294 882 tueri
1355 848 1357 854 ·

128 928 242 1016 possit,
262 927 450 1018 intellegere
472 947 610 1017 nequeo.
655 925 830 992 Praeterea
861 947 960 1006 „cum
975 923 1090 990 ‘Persis
1112 945 1196 990 unus
1213 923 1294 990 -Sui'-

130 1033 189 1100 das
213 1033 377 1123 copulavit
396 1032 583 1123 Nauplium,
596 1033 665 1098 >sed
686 1031 872 1122 parume'st
893 1029 1043 1097 credibile
1064 1029 1240 1122 Nauplimn
1262 1039 1295 1096 et

129 1137 249 1207 Persas
266 1138 412 1230 ejusdem
431 1138 558 1208 tabulae
579 1137 802 1229 inscriptiones
827 1140 933 1204 esse.''
974 1135 1190 1206 Praesumit.
1221 1137 1293 1204 Nec

10 1273 15 1338 g
130 1255 247 1312 tamen
273 1245 393 1315 absone
426 1245 459 1312 id
488 1247 706 1336 excogitatum
734 1255 800 1322 est,
834 1245 920 1334 quod
954 1242 1127 1333 Biqrpartus
1140 1243 1292 1334 :qarofertz

10 1413 12 1440 ἒ
129 1351 332 1442 „legendum
347 1353 406 1420 sibi
428 1352 529 1425 ,videri
540 1348 717 1420 tratum
733 1345 753 1432 ἢ
769 1347 955 1429 Ναύπλιον,
969 1350 1060 1417 duce
1081 1349 1199 1417 vocula
1220 1344 1271 1428 dr

10 1529 11 1554 q
218 1451 384 1550 Superest,
406 1467 443 1526 ut
463 1458 504 1526 dc
527 1457 692 1526 Timothei
711 1482 841 1552 quoque
868 1440 1026 1540 arte-autJ
1045 1457 1195 1524 simavis
1217 1458 1292 1523 arti-

129 1565 220 1648 ficiis,
241 1563 296 1632 fiat
313 1565 478 1657 judicium.
524 1563 738 1634 Artificiorum
762 1563 960 1655 entm‘qme
976 1561 1105 1655 qaudam
1127 1564 1167 1630 ab
1189 1566 1292 1631 otioso

10 1715 12 1724 ,
130 1673 309 1762 excogitari
329 1673 458 1762 ingenio
477 1671 596 1754 solent,
624 1695 664 1738 an
688 1695 785 1740 verae
807 1693 845 1739 ac
867 1671 994 1754 divinae
1017 1673 1096 1736 artis
1113 1671 1293 1760 prodantne

130 1779 379 1861 documentum,
395 1818 398 1824 ·
412 1777 689 1869 quae-Timotheo
706 1790 830 1857 ¹nostro
848 1777 1031 1868 'alligantur
1050 1779 1083 1843 in
1101 1776 1202 1844 rebus
1223 1777 1293 1867 ple-

130 1877 268 1976 rumque
290 1888 420 1953 musicis
443 1866 655 1967 novationem·
685 1885 830 1975 quaestio
864 1894 914 1952 est
936 1883 1100 1972 adquam
1125 1907 1184 1973 pro
1212 1885 1293 1975 dup-

21 2047 23 2050 .
129 1991 206 2082 plici
226 1985 411 2080 temporum
433 1993 556 2058 ratione
584 1991 730 2082 dupplex
758 1991 970 2082 inpromptu
997 1992 1052 2070 sit,
1073 2001 1214 2080 oportet
1240 2015 1293 2058 re-

130 2099 273 2188 sponsio.
318 2096 497 2166 Identidem
527 2101 612 2165 enirn
634 2097 854 2166 revocandum
874 2097 908 2164 in
934 2099 1125 2164 memoriam
1154 2096 1217 2165 hoc
1245 2109 1295 2166 est

131 2203 266 2270 dubium
287 2227 363 2272 non·
377 2229 459 2289 esse,
481 2207 557 2297 quin
579 2201 796 2272 omnes'istae
813 2205 1017 2285 -novationes,
1048 2225 1138 2294 quae¹
1153 2204 1294 2294 degene-

130 2320 222 2376 ratae
242 2313 386 2378 musicae
408 2307 598 2402 progeniem
620 2305 705 2380 ahala
721 2322 849 2380 veteres
863 2311 964 2378 critici
979 2320 1058 2376 nota
1073 2311 1295 2400 insperserunt

11 2475 12 2480 ,
130 2418 249 2485 nostris
271 2411 402 2485 theatris
429 2419 655 2510 judicibusque
670 2419 813 2486 ‘musicis
840 2417 985 2510 impense
1014 2417 1190 2508 placiturae
1222 2421 1293 2486 sint.

129 2522 204 2591 Nec
236 2544 313 2591 vero
333 2547 390 2591 -re
416 2528 532 2592 acriter
564 2546 722 2616 perpensa
748 2523 989 2616 magnosffillo's
1015 2527 1195 2594 novatores
1224 2527 1295 2594 sine

126 2631 250 2724 judicio
274 2625 338 2698 aut?
352 2633 546 2721 cogitatione
564 2656 666 2702 mero*
679 2628 899 2723 ingeniiilusu'
906 2633 1071 2722 animique
1085 2636 1295 2722 proterritate

10 2825 11 2830 ἵ
131 2735 297 2804 seductos
322 2734 436 2828 egisse}
459 2737 706 2828 suspicabimur,
743 2737 849 2806 immol
876 2759 953 2820 vero
991 2739 1130 2828 quidet
1161 2765 1225 2832 qua
1254 2741 1296 2809 de

10 2853 11 2862 ’
132 2865 250 2912 caussa
276 2842 309 2910 id
337 2837 488 2935 agerent,
514 2844 779 2934 proheunorisse
799 2845 1048 2912 'eoncedmnus.·
1088 2845 1232 2930 Qua'de
1258 2873 1296 2916 re

10 2951 11 2956 ’
131 2951 272 3030 monuit,
300 2950 490 3019 Fredericus
520 2975 538 3018 a
560 2950 720 3041 Drieherg
742 2949 968 3044 Aufsclth'r'sse
996 2951 1077 3018 iiber
1103 2955 1156 3018 die
1177 2955 1297 3022 Mustio

10 3051 11 3054 ¹
132 3061 196 3125 der
219 3057 382 3128 Salomon
401 3081 434 3145 p.
456 3065 529 3139 29,·
548 3049 628 3125 libro
643 3057 761 3124 nescio
785 3081 825 3122 an
848 3059 1035 3146 ceteroquin
1057 3079 1122 3124 non
1147 3059 1186 3126 ab
1208 3064 1296 3128 omni

130 3163 503 3258 parte-commendabili.
549 3163 617 3231 Sed
646 3185 688 3230 ne
711 3163 903 3230 difficultatis
934 3165 1064 3254 quid'in
1084 3163 1146 3232 hae
1175 3167 1297 3258 disqui-

131 3272 249 3338 sitione
277 3271 392 3342 callide
419 3270 685 3361 praetermittere
706 3270 832 3352 videar,
867 3279 940 3336 ante
968 3271 1076 3338 omnia
1103 3272 1136 3338 iu
1162 3273 1296 3340 censum

130 3379 300 3461 vocandus
323 3389 373 3446 est
387 3377 581 3468 'Stephanus
599 3377 678 3466 Byr.
696 3399 721 3442 s.
737 3377 775 3444 v.¹
790 3373 957 3457 Mil-name
980 3415 1023 3424 -
1043 3368 1298 3466 mtmpo'eooe

130 3481 336 3574 κιθαρῳδός,
365 3479 557 3562 dederetque
579 3480 692 3569 νόμων
703 3485 949 3574 κιθαρῳδικῶν
976 3483 1114 3571 βίβλους
1139 3481 1298 3559 tmanat-

133 3589 217 3655 dera
237 3586 284 3668 εἰς
305 3591 392 3656 ἐπῶν
415 3589 667 3676 ὀκτακισχιλίων
693 3591 753 3656 τὸν
781 3588 934 3679 ἀριθμὸν
962 3595 1019 3658 καὶ
1046 3588 1213 3682 προνόμια
1236 3591 1298 3660 t'a-
1327 3598 1331 3608 '

134 3699 204 3762 λων
222 3698 324 3786 χίλια.
398 3741 401 3746 -
1089 3739 1099 3746 ..
1227 3729 1229 3737 ·

191 3844 195 3853 ·
220 3806 390 3898 {reguntur
413 3805 654 3895 apudSuidam
682 3804 917 3893 προοίμια-λς’
940 3808 1117 3898 (prooemia
1128 3805 1299 3892 XXXVI),

136 3912 223 4003 apud
242 3912 444 4003 Stephanum
467 3907 759 3996 apostematus
771 3911 865 3999 χίλια
886 3911 1067 4005 quihusne
1085 3913 1200 3981 eadem
1222 3914 1299 3980 sub·
1345 3977 1350 3988 ,

134 4017 280 4108 intellegi
310 4019 451 4086 carmina
484 4021 656 4108 suspiceris
687 4017 828 4086 cautum
849 4031 900 4087 est
926 4018 1007 4087 Poll.
1039 4021 1154 4084 Onam.
1184 4043 1215 4110 p.
1237 4022 1300 4088 185

133 4124 250 4193 Seber.
274 4122 387 4210 νόμον,
412 4122 610 4212 προοίμια
628 4122 803 4214 upoodtea,
827 4123 1040 4215 προνόμια.
1081 4125 1301 4216 Quapropter

136 4230 379 4302 Schneidetvini
410 4233 706 4324 comprobationem
728 4235 845 4302 meruit
871 4233 1190 4324 Georg.,Bippartus,
1213 4235 1300 4326 quod

137 4365 156 4406 a
180 4336 337 4430 Stephani
359 4340 458 4408 verbo
481 4334 648 4428 προνόμια
671 4343 860 4408 correctoris
882 4363 1015 4410 manum
1033 4344 1215 4409 semoveat.

1080 4450 1101 4511 S
