3060 5000
661 360 737 436 269

123 541 208 626 quod
231 543 381 606 materiae
400 543 543 626 deesset,
571 547 604 612 id
627 550 728 614 lorma
747 551 940 616 immutando
958 555 1188 636 quodammodo
1209 563 1261 624 ra'·

122 649 281 710 sarciret..
306 647 390 723 Qum
413 653 555 714 consttlto
573 655 753 734 Platonem,
778 658 871 718 illum
888 657 1146 742 philosophorum
1173 666 1262 746 prin«

122 753 234 832 cipem,
255 752 299 812 ita
321 753 509 832 exagitavit,
529 767 565 820 ut
586 757 700 837 fabula,
728 758 843 841 quaid
865 759 983 839 agebat,
1010 783 1073 824 non
1095 765 1189 826 modo
1211 787 1263 829 co·

120 857 222 918 lorem
251 875 438 938 succumque
469 859 617 920 comicum
649 857 780 940 habere,
812 861 865 925 sed
897 863 997 924 omnis
1028 865 1191 930 etism'de
1224 891 1261 934 ao

120 959 237 1040 scripta
257 957 431 1022 videretur.
473 959 577 1024 Treta.
599 963 681 1027 chit.
702 971 781 1030 525:
1185 973 1188 980 ’

206 1066 244 1129 ἐν
264 1060 301 1127 δὲ
320 1062 365 1148 spi
387 1056 473 1129 uosoi
498 1063 681 1141 Πλάτωνος
705 1065 852 1152 dpduatt
873 1065 1097 1190 γεγραμμένη

206 1164 328 1230 πλέον
334 1129 402 1250 ,div
423 1189 467 1232 uto
468 1168 634 1254 pacsmss'pp
656 1193 678 1252 η
665 1164 921 1258 epitymiam*
902 1193 1019 1237 orsa

207 1266 311 1342 doum,
331 1260 393 1335 adu
414 1267 604 1358 οτίχονε
553 1271 604 1338 tls
607 1279 680 1348 ξεν,
703 1268 806 1359 drap
829 1266 914 1362 ἀρχῇ
936 1271 1082 1360 ἐγράφη

207 1362 322 1442 oricola
342 1365 651 1455 yoip'tpnot'ssouow
674 1380 706 1442 οἱ
727 1379 830 1462 μωροὶ
852 1380 995 1462 βροτῶν.

116 1469 333 1532 Nihilominus
356 1471 455 1534 risam
478 1476 648 1539 concitaret
669 1499 793 1542 necesse
816 1481 899 1559 tuit,
923 1497 992 1544 cum
1015 1477 1194 1560 deploraret
1214 1477 1259 1540 ita
1323 1539 1334 1549 ,

115 1585 253 1636 mortem
274 1573 416 1637 uxoris:-

332 1677 437 1762 Δωρὶς
454 1674 618 1764 clasma,
639 1677 662 1766 η’
683 1683 860 1752 Διονυσίου
881 1677 978 1768 γυνή.

307 1809 322 1846 .·
336 1778 441 1862 Οἴμοι
464 1794 603 1862 γυναῖκα
625 1785 791 1870 χρησίμην
813 1781 980 1852 ἀπώλεσα.
1034 1807 1036 1814 ’

113 1881 249 1968 Luciam
268 1877 338 1942 adv.
351 1879 420 1943 tnd.
437 1885 488 1944 15.
531 1881 655 1946 Scilicet
677 1905 807 1948 ttxorem
830 1886 939 1947 habuit
960 1885 1072 1948 Dorin.
1090 1884 1257 1960 CimTusct

112 1989 157 2066 V,
180 1990 239 2064 20,
268 1984 402 2048 D10dor.
424 1985 512 2064 xtV,
531 1994 594 2065 44,
627 1989 736 2055 Valcr.
757 1987 886 2052 Maxim.
907 1991 963 2066 lX,
990 1992 1041 2061 ts,
1062 1995 1094 2051 4.
1136 1987 1256 2050 Aeliam

111 2092 196 2154 var.
218 2088 300 2150 Hist.
317 2081 425 2166 lx,'s.
468 2089 564 2152 Po's'ta
586 2091 687 2167 enim,
707 2093 773 2174 -qui
799 2091 1039 2172 descriptionem
1064 2101 1257 2153 vetustarum

112 2213 241 2270 rerum,
263 2213 343 2273 quae
366 2192 441 2252 olim
462 2185 630 2270 tragoediis
651 2196 906 2275 explicabantur,
927 2193 1126 2271 intermittit,
1148 2191 1186 2254 dc
1207 2214 1258 2255 re·

113 2297 174 2358 bus
196 2295 412 2375 praesentibus
432 2292 553 2373 dicens,
580 2289 635 2362 aut
657 2296 713 2374 iis,
742 2317 824 2378 quaa
844 2295 937 2358 modo
958 2293 1098 2358 recantes
1118 2294 1256 2373 luerunt,

112 2399 234 2482 quique
256 2395 295 2458 de
316 2415 371 2458 sua
393 2398 575 2476 calamitate,
595 2415 649 2461 seu
672 2393 854 2460 infelicitate
868 2397 1029 2480 ¹queritur,
1051 2397 1084 2458 id
1099 2397 1169 2476 agit
1183 2415 1256 2478 per·

111 2521 210 2584 quam
230 2493 379 2576 ridicule,¹
394 2497 564 2580 propterea¹
586 2500 681 2584 quod,
705 2521 774 2563 cum
795 2514 928 2564 restam
949 2499 1138 2582 antiquitate
1154 2519 1257 2563 ramo·

110 2617 178 2682 tas,
201 2623 295 2685 quam
320 2600 359 2662 ad
381 2604 530 2664 ambitum
552 2605 702 2666 mirabilis
721 2603 877 2682 cujusdam
897 2603 1119 2683 magnitudinis
1140 2603 1255 2664 elliotas

112 2718 347 2788 exspectamus,
369 2703 470 2768 delusi
492 2726 528 2767 ca
549 2707 776 2787 cognoscimus,
803 2703 978 2788 quaefsunt
999 2707 1140 2786 vttlgaria
1160 2719 1255 2790 atque
1303 2735 1307 2754 ·

110 2809 265 2888 humilia,
296 2829 353 2870 nec
381 2801 605 2891 saepenumero
634 2830 698 2872 non
726 2823 895 2873 occurrunt
923 2811 958 2871 in
986 2808 1170 2890 quotidiano
1196 2829 1254 2870 usu

111 2933 260 2998 quaeque
282 2911 315 2973 in
337 2914 449 2989 locum,
472 2931 564 2994 quam
586 2912 669 2972 forte
692 2923 810 2986 tenant,
834 2905 1054 2972 alienissimum
1076 2913 1254 2992 importune

109 3017 266 3080 translata
287 3027 369 3076 sunt.
412 3012 598 3096 Quanquam
620 3035 660 3074 ne
678 3011 864 3094 Sophoclem
886 3011 1020 3094 quidem,
1043 3032 1145 3093 neque
1163 3011 1254 3071 Euri·

108 3117 219 3200 pidem
240 3114 403 3179 tradunta
425 3116 474 3177 sui
496 3135 686 3198 suorumque
708 3113 1000 3176 commemoratione
1019 3113 1052 3174 in
1074 3133 1165 3188 scena
1185 3114 1254 3172 abs·

110 3220 245 3286 tinuisse
263 3217 301 3301 1).
342 3216 405 3280 Sed
427 3237 467 3278 ex
494 3219 617 3280 cumulo
641 3218 875 3294 sententiarum,
896 3236 973 3298 quas
994 3217 1046 3278 vel
1067 3215 1174 3275 inanes
1195 3233 1253 3294 per

110 3345 145 3387 se
165 3335 197 3383 et
218 3321 365 3400 grambus
388 3331 420 3381 et
441 3321 563 3382 sonoris
586 3323 690 3384 verbio
711 3322 844 3398 ornavit,
865 3320 916 3382 uel
938 3317 1089 3380 orationis
1112 3315 1254 3396 corrupit
1354 3385 1356 3390 ,

109 3423 297 3502 latitudine,
325 3444 394 3485 cum
415 3443 489 3484 usus
511 3443 617 3486 earum
639 3413 907 3506 frequentissimus
930 3433 1027 3498 esset,
1057 3421 1137 3481 risus
1160 3418 1264 3479 etiam*

110 3521 330 3594 vehementior
355 3526 518 3588 exsisteret
546 3527 607 3588 luit
638 3547 772 3588 necesse.
815 3525 903 3588 Nam'
924 3525 969 3586 ita
995 3521 1168 3585 'ridiculum
1195 3521 1254 3582 alis

111 3629 191 3715 qnid
212 3627 332 3710 duplici
354 3625 449 3688 modo
474 3626 590 3694 excidit
611 3639 739 3710 po‘o'toc,
769 3649 837 3691 cum
859 3641 889 3690 et
913 3626 1033 3688 futilem
1054 3623 1253 3707 prudentiam

111 3819 393 3835 ——u--n—-q——u

184 3937 215 4007 1)
231 3939 284 3993 lut
307 3939 375 3993 Poll.
399 3937 447 4004 lV,
465 3941 500 3992 tt
527 3939 567 4010 (p.
587 3943 640 3994 224
664 3937 706 3993 ed.
731 3935 838 4004 Basilq)
866 3935 989 4008 Euripid.
1009 3929 1146 3986 Phoenica.
1172 3931 1252 3993 tw.

111 4025 202 4083 Oresl.
215 4031 295 4096 ttttt,
313 4027 409 4098 Suppl.
423 4030 485 4092 180,
502 4026 610 4098 Fragm.
622 4031 667 4083 29
702 4018 1135 4095 weteler.TrapGr.1’1³..tl
1154 4017 1252 4088 psat.

111 4113 249 4170 Plutarch.
273 4135 317 4190 ap.
344 4115 425 4170 eund.
443 4113 460 4166 l
478 4113 497 4166 l
523 4133 549 4190 p.
568 4119 630 4170 544.
674 4114 730 4184 Qui
749 4133 843 4172 omnes
867 4113 900 4166 de
921 4104 982 4169 hac
997 4101 1253 4172 ratioueEuripidis

111 4199 213 4258 dicunt.
247 4201 301 4255 Sed
321 4202 393 4256 idem
412 4198 559 4272 Sophocles
576 4199 661 4254 sertus
679 4183 781 4255 secisse.
825 4199 894 4252 Vide
911 4196 965 4250 Jut.
981 4193 1050 4246 Poll.
1069 4192 1086 4246 l.
1104 4191 1122 4242 l.
1146 4187 1252 4262 (wet-

112 4287 202 4344 citer.
226 4289 257 4342 P.
274 4289 294 4343 l.
321 4310 346 4362 p.
365 4287 447 4356 429),
471 4285 526 4338 Vit.
544 4283 628 4356 Soplt'.
647 4287 837 4356 (Welcler.
855 4284 919 4340 ibid
944 4302 970 4354 p.
988 4266 1252 4344 25¹1).Ets1m1llt

112 4392 187 4427 mum
213 4386 265 4442 est,
290 4375 362 4448 quod
388 4391 509 4427 amorem
534 4371 705 4428 Theoridis'
697 4389 725 4428 tn
750 4373 825 4430 chori
844 4371 963 4427 carmine
986 4365 1147 4464 declarasse,
1180 4361 1251 4416 conl.

113 4459 210 4516 Athen.
228 4480 255 4535 p.
274 4467 342 4533 592,
370 4461 475 4518 dicitnr.
