3076 4998
663 329 733 407 181

127 512 280 604 ὁμιλίαν
300 515 355 586 ναί
374 511 557 601 dadacum
577 516 667 586 εἶναι
691 515 757 585 τοῦ
778 517 981 602 Περικλέους
1000 517 1057 588 ναί
1078 531 1151 596 ταῖς
1169 543 1277 607 μιγα-

128 620 288 709 saeptam
317 612 428 688 αὑτοῦ
455 613 585 703 πολλήν
613 614 807 706 ὑπεροψίαν
836 614 1078 712 ἀναμεμίχθαι
1101 621 1158 689 eccl
1182 647 1277 708 περι·
1314 624 1320 631 ’

130 720 302 807 φρόνησιν
319 723 389 789 τῶν
406 717 527 789 ἄλλων.
569 719 723 798 Quocirca
744 745 814 786 cum
835 725 969 788 alterum
992 722 1109 787 odisset
1129 725 1278 786 alterum·

130 846 192 907 que
215 823 381 906 diligeret,
412 821 483 886 heri
503 823 624 904 potuit,
654 838 691 888 ut
711 827 746 888 in
775 827 926 888 ammius
952 845 1061 889 eorum
1083 828 1278 894 contentione

130 940 238 1007 portes
259 927 401 992 (limonia
422 926 615 992 defenderet.
656 931 739 994 Nam
760 932 804 994 ita
825 931 946 993 facilius
968 950 1074 992 caussa
1094 931 1278 1010 explicatur,

129 1049 236 1110 quam
256 1029 352 1093 nhuis
380 1042 489 1109 argute
510 1032 696 1096 Plutarchus
719 1034 753 1096 in
775 1033 910 1098 hominis
935 1045 1003 1095 arte
1023 1032 1157 1114 positam
1183 1033 1278 1095 luiss‘e

131 1131 309 1194 existimati
351 1133 391 1196 Iu
420 1133 554 1214 patriam
581 1149 636 1200 aut
660 1129 715 1200 Ul.
735 1142 787 1217 84,
807 1146 839 1216 4,
867 1150 921 1201 aut
943 1135 994 1203 Ol.
1016 1141 1105 1216 85,1
1131 1136 1277 1198 redierat.

133 1231 237 1308 Quam
255 1234 319 1297 uisi
339 1237 436 1298 semel
458 1249 552 1319 atque
574 1237 691 1300 iterum
711 1241 763 1302 vel
778 1237 903 1304 'civium
925 1259 1031 1302 amore
1053 1235 1196 1322 repetiit,
1225 1240 1278 1302 rel
1328 1241 1332 1261 ‘

131 1335 432 1400 administrationem
453 1338 501 1399 rei
528 1329 703 1404 familiaris
719 1341 933 1424 inspecturus,
963 1344 997 1405 in
1020 1343 1156 1405 mentem
1177 1345 1278 1419 cujus-
1303 1365 1306 1372 ⁴

130 1439 216 1520 piam
238 1440 349 1502 venire
371 1438 517 1520 cogitatio
540 1455 655 1523 posset,
678 1458 839 1526 cumpost
861 1457 1000 1508 mortem
1019 1437 1159 1509 Cimonis
1182 1445 1279 1506 Athe-

129 1565 188 1606 nes
213 1541 379 1624 reliquisse
401 1558 598 1626 nequeunte
620 1545 767 1626 rediisse,
798 1569 894 1631 quam
915 1549 1052 1612 Pericles
1073 1547 1206 1611 decessit
1226 1543 1278 1612 Ol.

129 1647 246 1723 88,1,
277 1650 427 1730 συσσίτια
454 1648 646 1729 tragoediam
673 1650 726 1716 Ol.
748 1651 800 1730 88,
820 1659 842 1714 4
866 1651 969 1716 denuo
999 1650 1140 1716 docuisse
1166 1651 1278 1711 fertur.

128 1747 193 1810 Sed
215 1749 250 1810 in
272 1769 310 1811 eo
329 1771 441 1830 magna
464 1751 512 1815 vis
532 1752 654 1830 ingenii
672 1766 768 1837 atque
786 1754 959 1817 fecunditas
976 1752 1047 1830 luit,
1068 1763 1114 1829 ut,
1135 1749 1278 1834 queuntis
1335 1799 1337 1807 ι

127 1850 270 1914 studium
289 1853 323 1916 in
344 1873 456 1933 magna
476 1854 674 1918 scientiarum
692 1858 869 1939 artiumque
890 1855 980 1936 copia
996 1855 1186 1930 collocasset,
1206 1853 1278 1933 plus

130 1967 254 2032 tamen,
277 1972 371 2038 quam
393 1955 641 2038 mediocritatem
661 1972 834 2038 assecutus,
858 1959 980 2038 insigne
1001 1973 1116 2019 nomen
1138 1956 1278 2017 haberet.

126 2059 236 2122 Schol.
258 2059 298 2122 ad
317 2059 478 2142 Aristoph.
492 2062 564 2124 Pac.
580 2065 663 2127 sate
685 2056 889 2148 περιβόητος
912 2060 948 2128 δὲ
969 2059 1111 2146 ἐγένετο.
1154 2060 1200 2121 Ac
1214 2068 1279 2118 tra·

128 2161 251 2241 goediis
282 2161 410 2246 quddam
439 2185 510 2226 cum
537 2165 813 2247 praestantissimis
844 2161 1034 2227 contendens
1062 2161 1193 2224 aemulis
1223 2171 1278 2222 aut

123 2262 217 2355 -vic'it,
237 2278 294 2327 aot
307 2267 510 2349 praecipuum
523 2272 627 2334 locum
642 2267 790 2332 obtinuit.
833 2265 912 2329 Cum
928 2265 1093 2330 uictoriam
1108 2260 1277 2346 aliquando

128 2366 290 2448 tragoedia
309 2382 519 2453 reportasset,
550 2367 612 2436 aut¹
633 2392 697 2436 uno
723 2369 898 2452 eodemque
920 2367 971 2431 die
992 2379 1057 2432 tam
1082 2370 1143 2430 hoc
1163 2385 1277 2446 genere

128 2471 262 2548 scenico,
284 2494 378 2554 quam
395 2472 594 2557 dithyrambo
608 2474 742 2553 vicisset,
763 2475 795 2536 in
813 2472 1026 2553 sollemnibus,
1047 2471 1162 2554 quibus
1178 2469 1277 2532 victo·

130 2595 183 2636 rsa
206 2575 290 2635 inter
309 2574 445 2639 Graecos
466 2579 622 2640 celebrare
647 2578 730 2640 diem
752 2587 996 2655 consueverant,
1018 2573 1136 2636 cunctis
1157 2571 1277 2635 civibus

130 2676 170 2738 ad
195 2678 304 2758 epulas
324 2677 499 2759 advocatis,
529 2681 638 2744 cadum
662 2680 733 2743 Chii
756 2680 840 2758 vini,
869 2677 955 2760 qstod
976 2675 1276 2759 praestantissimum

127 2781 315 2858 habebatur,
336 2784 537 2863 proposuisse
558 2785 661 2846 fertur
681 2787 809 2863 eiusque
831 2782 944 2860 regalis
966 2778 1195 2844 munificentiae
1211 2766 1277 2838 mess

126 2883 234 2946 moria
254 2882 426 2946 diutissime
447 2885 560 2948 tenuit.
612 2885 693 2948 Nam
714 2885 893 2946 Athenaeus
915 2883 940 2946 1.
967 2903 1001 2964 p.
1023 2887 1061 2948 δι
1094 2875 1169 2949 ὁδί
1189 2881 1278 2970 tic

121 2981 219 3065 Ἴον,
237 2984 424 3072 τραγῳδίαν
444 2982 585 3072 νιιιιίσαο
606 2979 812 3072 Ἀθήνῃσιν,
832 2978 961 3072 ἑκάστῳ
983 2988 1052 3051 τῶν
1075 2978 1276 3064 Ἀθηναίων

47 3093 49 3100 ⁴
126 3086 229 3155 ἴδοιο
247 3089 336 3156 Χίον
357 3086 531 3175 κεράμιον.
574 3091 620 3152 Ac
640 3086 786 3151 similiter
801 3083 914 3150 Suidas
929 3103 954 3150 s.
970 3107 1001 3150 t.
1019 3078 1214 3166 Ἀθήναιος
1225 3126 1234 3145 .
1245 3125 1275 3145 ..

127 3189 202 3258 Καί
219 3182 238 3256 ὁ
255 3191 342 3264 Χῖος
358 3184 452 3272 Ἴον,
471 3189 658 3279 τραγῳδίαν
677 3184 816 3274 νικήσαι·
835 3180 1044 3274 Ἀθήνῃσιν,
1062 3179 1188 3267 ἑκάστῳ
1207 3183 1275 3250 acb

127 3289 332 3375 Ἀθηναίων
352 3290 451 3358 ἔδωκα
473 3293 562 3359 Χῖον
582 3287 764 3374 septifluus,-
796 3309 869 3350 nam
895 3289 923 3352 is
944 3287 1139 3353 Athenaeum
1165 3295 1275 3366 aperte

125 3396 168 3457 ob
197 3395 304 3458 oculos
327 3393 448 3457 babuit.
492 3391 558 3458 Sed
577 3391 751 3456 Scholiasta
771 3391 991 3473 Aristophanis
1012 3391 1035 3452 l.
1056 3390 1097 3452 b:
1123 3389 1203 3473 φασί
1226 3385 1275 3463 δὲ,

127 3487 239 3566 αὐτὸν
260 3481 351 3580 tiae
370 3491 598 3582 διθύραμβον
612 3493 667 3563 ναί
684 3495 872 3581 τραγῳδίαν
892 3485 1148 3580 ἀγωνισάμενον
1162 3482 1277 3573 Ἀθὴ-

126 3625 208 3688 νγγοι
225 3603 281 3668 ναί
301 3595 487 3684 νικήσαντα
507 3593 634 3685 ἑκάστῳ
655 3599 723 3664 τῶν
745 3590 947 3682 Ἀθηναίων
966 3595 1089 3665 δοῦναι
1108 3593 1199 3661 Χῖον
1220 3615 1277 3659 ιιι-

126 3694 267 3786 ροὶγιιον.
309 3702 375 3767 Ubi
396 3699 497 3766 codex
517 3703 679 3766 Venetuat
701 3691 841 3775 εὐνοίας
860 3695 960 3786 χάριν
980 3711 1100 3783 argolas
1116 3698 1204 3764 Χῖον
1225 3693 1276 3760 οἷ·

126 3827 192 3873 νον
214 3805 352 3884 nissum
373 3799 592 3890 Ἀθηναίοις.
642 3801 730 3880 Quae
750 3803 947 3892 narrationes
967 3814 1004 3864 ut
1028 3801 1206 3880 discrepant
1226 3794 1275 3855 in·

127 3918 179 3968 ter
206 3927 241 3970 ac
262 3907 309 3983 ¹de
340 3908 542 3972 victoriarum
570 3927 719 3984 numeru,
747 3906 792 3968 sic
818 3905 940 3970 lucilius
964 3915 1096 3986 possunt
1119 3895 1276 3980 componi,

126 4033 198 4076 cum
223 4033 290 4074 rem
311 4012 436 4094 plenius
457 4033 477 4074 a
497 4013 670 4077 Scholiasta
697 4021 856 4072 narratam
884 4029 950 4072 esse
974 4023 1150 4081 censemus,
1177 3999 1274 4080 idque

126 4117 187 4178 hoc
210 4114 415 4180 verisimilius
435 4126 497 4192 est,
518 4127 688 4197 propterea
708 4113 795 4196 quod
816 4110 973 4193 duplicem
996 4105 1159 4172 victoriam
1178 4102 1275 4164 Athe·

127 4218 290 4282 niensibus
318 4229 406 4282 tanta
431 4217 622 4281 liberalitate
647 4217 770 4280 lucilius
789 4226 915 4297 poterat
942 4205 1152 4283 remunerari,
1180 4199 1275 4288 quam

126 4321 155 4384 si
175 4324 308 4403 vulgare
335 4320 523 4401 tragicorum
553 4319 726 4402 praemium
753 4329 924 4399 acceparat.
972 4316 1014 4376 At
1037 4309 1179 4374 mirabile
1200 4327 1274 4372 saue

126 4422 247 4490 donum
273 4435 355 4488 esset
376 4423 524 4504 largitus,
553 4422 582 4488 si
601 4421 729 4486 cuilibet
751 4422 865 4486 cisium
894 4419 1015 4482 dulcem
1037 4426 1157 4498 potum
1170 4411 1274 4477 dedis·
