3086 4992
805 341 877 415 104

265 547 322 611 set,
345 534 451 616 quiin
472 554 560 598 scene
582 529 787 612 apparuisset,
810 529 938 610 quique,
959 523 1144 588 mcendotali
1166 534 1252 586 ueste
1274 521 1412 600 indutus,

264 659 321 700 nec
345 639 407 700 elio
430 636 518 716 signo
539 650 650 712 notus,
679 633 952 696 sermocinaretur.
996 627 1087 704 Quod
1111 628 1166 710 qni
1186 627 1298 691 uolunt
1317 626 1411 688 intel-

264 743 377 820 ligere,
401 752 599 822 comperent,
629 735 787 820 quomodo
810 743 919 817 po’e'tee
945 751 1093 816 perspnas
1114 729 1314 796 introducere
1337 749 1413 792 con·

265 823 434 908 erreverint.
476 843 624 924 Sophocl.
646 841 796 921 Antigon.
818 843 893 903 991.
937 834 1050 916 Oedip.
1074 837 1214 917 Tyrann.
1234 836 1308 910 285,
1337 836 1413 908 301,

268 945 383 1008 Electa.
398 951 468 1024 121,
482 950 557 1026 318,
570 951 627 1010 321
648 958 706 1014 etc.
750 944 899 1006 Carcinus
921 941 1017 1020 igitur
1040 940 1073 1001 in
1096 959 1133 1002 eo
1154 939 1305 1022 peccavit,
1326 936 1413 1019 quod

266 1070 315 1126 ca,
337 1069 417 1132 quae
442 1049 705 1130 repraesentavit,
727 1065 923 1129 nequaquam
945 1065 987 1105 cx
1009 1042 1182 1106 actionibus
1203 1061 1239 1102 eo
1260 1039 1412 1101 sermoni-

266 1155 323 1214 bus
349 1153 524 1216 necessario
555 1152 715 1235 consequi
732 1152 804 1214 lecit
832 1151 993 1233 oculisque
1019 1147 1225 1230 spectantium
1257 1147 1326 1226 plus
1355 1145 1412 1207 tri·

267 1256 352 1335 b'uit,
386 1277 478 1338 quam
501 1257 639 1317 auribus.
681 1253 756 1318 Non
777 1252 905 1328 dubito,
938 1252 1015 1335 quin
1037 1249 1125 1327 justis
1146 1248 1343 1329 copiosisque
1365 1250 1412 1310 lo·

268 1377 335 1418 cum
357 1360 551 1424 orationibus
574 1358 713 1436 dederit,
742 1359 845 1442 iisque
867 1371 932 1421 tam
959 1354 1095 1419 accusari
1123 1354 1233 1416 lecerit
1258 1351 1412 1427 Medeam,

268 1479 361 1539 quam
394 1459 530 1523 delendi.
573 1459 692 1523 indicet
714 1460 843 1525 Aristot.
866 1461 957 1522 Ruct.
981 1459 1019 1536 ll,
1040 1460 1094 1520 23.
1146 1454 1320 1518 Menander
1346 1475 1413 1516 car-

267 1561 367 1638 mine,
402 1583 484 1645 quae
516 1564 698 1642 aenigmatis
731 1566 827 1644 plana
858 1573 977 1642 essent,
1011 1561 1206 1641 nuncupavit
1237 1559 1412 1641 Καρκίνου
1538 1643 1539 1646 ¹

267 1663 465 1747 ποιήματα,
498 1680 533 1728 ut
555 1689 595 1730 ex
617 1666 731 1730 Pltotio
753 1669 774 1726 l.
798 1668 818 1728 l.
843 1667 955 1747 liquet.
990 1661 1087 1726 ldem
1109 1661 1220 1728 suidas
1241 1683 1264 1726 e·
1284 1683 1315 1726 v.
1335 1659 1412 1728 scri.-

265 1866 298 1928 iu
322 1869 425 1934 fabula
448 1870 591 1940 Orestem
615 1877 798 1956 aenigmatis
819 1897 909 1938 usum
933 1874 1090 1952 dicerent3
1120 1871 1193 1934 inde
1216 1883 1313 1934 totam
1336 1868 1413 1930 Car·

266 1972 328 2034 cini
348 1977 456 2055 poe'sin
475 1999 514 2040 ex
531 1981 588 2040 lrao
605 1981 798 2061 proprietate
822 2001 886 2041 esse
906 1979 1104 2060 appellatam.
1123 2007 1125 2012 ·
1148 1975 1214 2037 Nec
1234 1992 1312 2037 vero
1333 1971 1412 2034 illud

265 2075 443 2156 Menandri,
463 2081 547 2161 quod
565 2081 691 2145 Graecis
713 2083 892 2165 aliquando,
916 2083 948 2142 ni
971 2083 1073 2164 lallor,
1095 2081 1126 2141 in
1148 2078 1329 2162 proverbiis
1343 2076 1413 2152 fuir,

267 2175 305 2236 ed
331 2199 450 2258 unam,¹
472 2195 526 2244 aut
557 2187 686 2248 alterum
718 2183 852 2248 fabulam
875 2187 1029 2268 pertinet,
1060 2184 1113 2247 sed
1137 2183 1176 2244 de
1198 2183 1284 2244 omni
1310 2181 1412 2262 poe'sis

266 2301 378 2359 genere
401 2287 613 2367 accipiendum
638 2301 700 2367 est,
734 2289 766 2350 iu
789 2309 882 2371 quem
910 2304 976 2352 tum
999 2290 1098 2350 multa
1118 2287 1292 2364 aenigmata
1314 2285 1413 2344 incul-

266 2387 427 2452 cabantur.
481 2391 566 2454 Idem
589 2391 771 2474 Euripidem
792 2395 934 2456 unitatus
960 2406 1025 2469 est,
1056 2409 1160 2474 aquo
1182 2387 1314 2469 sumpsit
1334 2407 1413 2448 non-

265 2491 361 2551 nulla.
405 2493 450 2555 Ut
473 2496 735 2576 contemptionem
766 2497 949 2573 mulierum,
979 2517 1041 2578 qua
1062 2495 1211 2576 princeps
1231 2495 1292 2555 fuit
1313 2495 1412 2555 lamo

264 2611 332 2668 sus,
363 2615 519 2678 quamque
550 2598 582 2657 in
611 2597 724 2660 fabulis
756 2601 925 2662 sexcenties
956 2601 1129 2681 expressit,
1158 2599 1190 2659 in
1213 2597 1333 2660 Semela
1356 2599 1413 2659 tali

227 2715 235 2729 ’
264 2694 358 2757 modo
379 2697 581 2778 significavit:

388 2793 441 2867 Ὢ
462 2803 555 2892 Zeu,
577 2804 611 2869 τί
633 2799 695 2893 χρὴ
717 2819 877 2890 reuolsae
899 2809 1039 2882 ἐξειπεῖν
1058 2802 1185 2888 ccede,

393 2894 520 2987 οἷρκούν
541 2901 584 2974 ἄν
606 2910 657 2990 εἴη
664 2957 675 2986 ,
699 2903 764 2976 scir
784 2901 914 2994 γυναῖκ’
925 2909 1028 2996 εἴπῃς
1049 2901 1172 2990 μόνον.

265 3003 378 3064 Athen.
401 3007 422 3069 l.
434 3008 456 3068 l.
488 3008 529 3070 Et
545 3009 630 3092 quod
645 3010 772 3075 divitlss
789 3013 873 3074 iuter
888 3012 969 3074 mala
986 3011 1104 3089 habuit,
1125 3011 1410 3078 Stob.Serm.233:

392 3104 503 3178 derude
526 3108 625 3182 ἐοθίἷ
652 3117 800 3190 πλοῦτος
822 3118 876 3181 καὶ
902 3108 1093 3201 φιλόψυχον
1109 3112 1241 3181 οιαιιόν·
1273 3117 1276 3124 ’
1329 3145 1332 3154 ·

248 3207 343 3272 duos
365 3213 450 3275 locos
473 3215 506 3275 in
529 3219 666 3278 altimum
689 3231 829 3294 revocat,
852 3237 949 3278 unum
972 3217 1342 3297 Archelai„Fragm..33:

391 3316 566 3397 miserete-3
592 3315 609 3383 ὁ
633 3321 781 3393 πλοῦτος
805 3314 837 3386 d'
854 3315 994 3401 ἀμαθία
1017 3319 1127 3387 δειλόν
1149 3315 1292 3402 θ’ἅμο·

265 3413 416 3490 alterum,
437 3419 494 3497 qui
514 3420 672 3480 Plroeuiss.
695 3424 759 3486 606
781 3423 914 3501 legitur,
936 3425 990 3485 ubi
1012 3425 1194 3506 Polynices:

393 3522 526 3599 εἰσορῶ*
548 3516 658 3588 δειλόν
681 3517 744 3590 t‘o‘
768 3527 914 3600 πλοῦτος
935 3529 991 3594 sei
1014 3523 1204 3613 φιλόψυχον
1227 3519 1342 3592 κακόν.

265 3613 352 3690 Quae
383 3617 423 3679 ed
456 3623 585 3684 verbum
617 3626 807 3707 conspirant.
861 3629 944 3690 Nam
974 3649 1042 3691 cum
1073 3630 1127 3692 alii
1154 3625 1268 3696 δεινὸν
1296 3631 1411 3707 legant,

265 3719 470 3786 Geanarus
491 3738 575 3788 recte
592 3729 778 3810 scripturam
798 3727 908 3798 decide
926 3731 1059 3796 Carcine
1079 3733 1227 3808 restituit,
1249 3751 1328 3814 quae
1347 3753 1411 3793 nou

265 3824 359 3888 ruodo
390 3826 453 3890 fide
476 3830 629 3892 librorum
653 3834 685 3894 iu
713 3835 906 3912 Phoenissis,
940 3850 993 3898 eut
1014 3835 1411 3898 auctoritate-Scholiastae

263 3929 301 3992 ad
317 3933 479 4014 Aristoph.
501 3938 585 3999 Piut.
602 3939 677 4014 203,
699 3939 778 4001 hanc
798 3941 967 4022 coryphaei
990 3940 1176 4002 seutentiam
1200 3939 1334 4016 citantis,
1355 3939 1409 4001 sed

263 4034 331 4114 ipsa
357 4054 484 4120 qrroque
511 4039 623 4102 comici
650 4041 720 4102 loco
745 4041 960 4120 confirmetur,
993 4030 1076 4124 apud
1100 4063 1193 4125 quem
1218 4041 1346 4104 diuitiae
1368 4043 1410 4104 si·

263 4137 381 4200 militer
398 4141 420 4200 l.
434 4142 456 4200 l.
475 4141 687 4224 increpantur,
732 4141 818 4218 Quae
840 4153 1018 4228 quenquam
1040 4145 1086 4208 ita
1105 4166 1138 4208 aa
1156 4145 1282 4222 habeut,
1305 4157 1410 4206 tamen

263 4237 400 4302 studium
429 4243 573 4305 imitandi
603 4247 674 4308 huic
703 4269 742 4308 ne
770 4251 862 4310 nimis
884 4249 1073 4312 industrium
1095 4249 1225 4312 tribuas.
1269 4247 1351 4310 Nam
1374 4259 1409 4308 ut

263 4337 372 4400 similis
392 4356 438 4403 est
459 4347 534 4410 item
556 4349 642 4408 locus
665 4350 862 4431 Baeclrylidis
884 4353 1004 4432 Fragm.
1026 4359 1064 4432 43
1100 4355 1144 4416 sio
1172 4356 1269 4416 verba
1291 4343 1410 4418 Δειλον

266 4431 285 4502 o‘
307 4439 453 4512 πλοῦτος
475 4449 549 4506 olim
571 4450 674 4510 lacrum
697 4454 858 4531 proverbii
880 4457 1105 4536 obtinuerunt,
1137 4461 1248 4539 Apost.
1268 4457 1324 4536 Vl,
1350 4457 1406 4534 623
