<?xml version="1.0" encoding="UTF-8"?>
<!DOCTYPE html PUBLIC "-//W3C//DTD XHTML 1.0 Transitional//EN"
    "http://www.w3.org/TR/xhtml1/DTD/xhtml1-transitional.dtd">
<html xmlns="http://www.w3.org/1999/xhtml" xml:lang="en" lang="en">
 <head>
  <title>
</title>
<meta http-equiv="Content-Type" content="text/html;charset=utf-8" />
  <meta name='ocr-system' content='tesseract 3.04.00' />
  <meta name='ocr-capabilities' content='ocr_page ocr_carea ocr_par ocr_line ocrx_word'/>
</head>
<body>
  <div class='ocr_page' id='page_1' title='image "./historiacritica01kaysgoog/historiacritica01kaysgoog_0290.png"; bbox 0 0 3060 5000; ppageno 0'>
   <div class='ocr_carea' id='block_1_1' title="bbox 797 369 875 446">
    <p class='ocr_par' dir='ltr' id='par_1_1' title="bbox 797 369 875 446">
     <span class='ocr_line' id='line_1_1' title="bbox 797 369 875 446; baseline 0.026 -2"><span class='ocrx_word' id='word_1_1' title='bbox 797 369 875 446; x_wconf 76' lang='grc'><strong>248</strong></span> 
     </span>
    </p>
   </div>
   <div class='ocr_carea' id='block_1_2' title="bbox 263 554 1417 4564">
    <p class='ocr_par' dir='ltr' id='par_1_2' title="bbox 263 554 1417 4564">
     <span class='ocr_line' id='line_1_2' title="bbox 267 554 1416 641; baseline 0 -20"><span class='ocrx_word' id='word_1_2' title='bbox 267 559 375 641; x_wconf 81' lang='lat' dir='ltr'><strong>soltylo</strong></span> <span class='ocrx_word' id='word_1_3' title='bbox 397 556 516 636; x_wconf 79' lang='lat' dir='ltr'><strong>jungit,</strong></span> <span class='ocrx_word' id='word_1_4' title='bbox 539 569 574 618; x_wconf 87' lang='lat' dir='ltr'><strong>ut</strong></span> <span class='ocrx_word' id='word_1_5' title='bbox 596 558 634 618; x_wconf 89' lang='lat' dir='ltr'><strong>lt.</strong></span> <span class='ocrx_word' id='word_1_6' title='bbox 656 579 686 637; x_wconf 89' lang='lat' dir='ltr'><strong>p.</strong></span> <span class='ocrx_word' id='word_1_7' title='bbox 711 561 783 634; x_wconf 77' lang='grc'><strong>132,</strong></span> <span class='ocrx_word' id='word_1_8' title='bbox 805 557 875 632; x_wconf 88' lang='lat' dir='ltr'><strong>Vll,-</strong></span> <span class='ocrx_word' id='word_1_9' title='bbox 897 559 956 636; x_wconf 74' lang='lat'><strong>223</strong></span> <span class='ocrx_word' id='word_1_10' title='bbox 985 554 1142 618; x_wconf 64' lang='lat' dir='ltr'><strong>Arium</strong></span> <span class='ocrx_word' id='word_1_11' title='bbox 1161 557 1259 618; x_wconf 74' lang='lat' dir='ltr'><strong>semel</strong></span> <span class='ocrx_word' id='word_1_12' title='bbox 1280 577 1416 624; x_wconf 84' lang='lat' dir='ltr'><strong>comme·</strong></span> 
     </span>
     <span class='ocr_line' id='line_1_3' title="bbox 267 659 1417 742; baseline 0 -17"><span class='ocrx_word' id='word_1_13' title='bbox 267 675 379 726; x_wconf 89' lang='lat' dir='ltr'><strong>morat.</strong></span> <span class='ocrx_word' id='word_1_14' title='bbox 429 661 470 722; x_wconf 87' lang='lat' dir='ltr'><strong>Et</strong></span> <span class='ocrx_word' id='word_1_15' title='bbox 492 660 563 722; x_wconf 88' lang='lat' dir='ltr'><strong>fieri</strong></span> <span class='ocrx_word' id='word_1_16' title='bbox 583 661 713 742; x_wconf 82' lang='lat' dir='ltr'><strong>potuit,</strong></span> <span class='ocrx_word' id='word_1_17' title='bbox 744 674 778 723; x_wconf 91' lang='lat' dir='ltr'><strong>ut</strong></span> <span class='ocrx_word' id='word_1_18' title='bbox 806 679 923 722; x_wconf 85' lang='lat' dir='ltr'><strong>nomen</strong></span> <span class='ocrx_word' id='word_1_19' title='bbox 945 659 1080 736; x_wconf 79' lang='lat' dir='ltr'><strong>Critiae,</strong></span> <span class='ocrx_word' id='word_1_20' title='bbox 1108 659 1248 722; x_wconf 80' lang='lat' dir='ltr'><strong>hominis</strong></span> <span class='ocrx_word' id='word_1_21' title='bbox 1272 673 1304 722; x_wconf 88' lang='lat' dir='ltr'><strong>et</strong></span> <span class='ocrx_word' id='word_1_22' title='bbox 1325 684 1417 742; x_wconf 81' lang='lat' dir='ltr'><strong>prae·</strong></span> 
     </span>
     <span class='ocr_line' id='line_1_4' title="bbox 267 762 1416 847; baseline -0.001 -18"><span class='ocrx_word' id='word_1_23' title='bbox 267 764 380 829; x_wconf 82' lang='lat' dir='ltr'><strong>stantia</strong></span> <span class='ocrx_word' id='word_1_24' title='bbox 400 766 589 847; x_wconf 85' lang='lat' dir='ltr'><strong>scriptorum</strong></span> <span class='ocrx_word' id='word_1_25' title='bbox 614 765 690 826; x_wconf 84' lang='lat' dir='ltr'><strong>clari</strong></span> <span class='ocrx_word' id='word_1_26' title='bbox 713 778 745 828; x_wconf 93' lang='lat' dir='ltr'><strong>et</strong></span> <span class='ocrx_word' id='word_1_27' title='bbox 766 764 964 847; x_wconf 71' lang='lat' dir='ltr'><strong>turpitudine</strong></span> <span class='ocrx_word' id='word_1_28' title='bbox 985 765 1069 827; x_wconf 85' lang='lat' dir='ltr'><strong>vitae</strong></span> <span class='ocrx_word' id='word_1_29' title='bbox 1091 763 1212 841; x_wconf 82' lang='lat' dir='ltr'><strong>famosi,</strong></span> <span class='ocrx_word' id='word_1_30' title='bbox 1231 762 1265 826; x_wconf 88' lang='lat' dir='ltr'><strong>in</strong></span> <span class='ocrx_word' id='word_1_31' title='bbox 1287 765 1416 828; x_wconf 78' lang='lat' dir='ltr'><strong>alterins</strong></span> 
     </span>
     <span class='ocr_line' id='line_1_5' title="bbox 266 864 1416 949; baseline 0.002 -21"><span class='ocrx_word' id='word_1_32' title='bbox 266 869 368 930; x_wconf 88' lang='lat' dir='ltr'><strong>locum</strong></span> <span class='ocrx_word' id='word_1_33' title='bbox 390 868 578 944; x_wconf 74' lang='lat' dir='ltr'><strong>inferretur,</strong></span> <span class='ocrx_word' id='word_1_34' title='bbox 599 866 746 949; x_wconf 85' lang='lat' dir='ltr'><strong>quoniam</strong></span> <span class='ocrx_word' id='word_1_35' title='bbox 770 868 921 930; x_wconf 77' lang='lat' dir='ltr'><strong>metueris</strong></span> <span class='ocrx_word' id='word_1_36' title='bbox 943 864 1084 927; x_wconf 81' lang='lat' dir='ltr'><strong>Aristeae</strong></span> <span class='ocrx_word' id='word_1_37' title='bbox 1103 864 1235 928; x_wconf 83' lang='lat' dir='ltr'><strong>Phlineii</strong></span> <span class='ocrx_word' id='word_1_38' title='bbox 1254 865 1342 930; x_wconf 79' lang='lat' dir='ltr'><strong>haud</strong></span> <span class='ocrx_word' id='word_1_39' title='bbox 1359 865 1416 930; x_wconf 87' lang='lat' dir='ltr'><strong>diu</strong></span> 
     </span>
     <span class='ocr_line' id='line_1_6' title="bbox 267 967 1417 1051; baseline -0.002 -17"><span class='ocrx_word' id='word_1_40' title='bbox 267 970 377 1050; x_wconf 82' lang='lat' dir='ltr'><strong>viguit.</strong></span> <span class='ocrx_word' id='word_1_41' title='bbox 426 971 528 1033; x_wconf 87' lang='lat' dir='ltr'><strong>Porro</strong></span> <span class='ocrx_word' id='word_1_42' title='bbox 553 969 670 1032; x_wconf 84' lang='lat' dir='ltr'>dixerit</span> <span class='ocrx_word' id='word_1_43' title='bbox 698 971 830 1033; x_wconf 82' lang='lat' dir='ltr'><strong>fortasse</strong></span> <span class='ocrx_word' id='word_1_44' title='bbox 860 969 1032 1051; x_wconf 78' lang='lat' dir='ltr'><strong>quispiam,</strong></span> <span class='ocrx_word' id='word_1_45' title='bbox 1062 967 1090 1030; x_wconf 83' lang='lat' dir='ltr'><strong>ei</strong></span> <span class='ocrx_word' id='word_1_46' title='bbox 1120 967 1285 1047; x_wconf 77' lang='lat' dir='ltr'><strong>tragoedia</strong></span> <span class='ocrx_word' id='word_1_47' title='bbox 1310 971 1417 1050; x_wconf 85' lang='lat' dir='ltr'><strong>fuerit,</strong></span> 
     </span>
     <span class='ocr_line' id='line_1_7' title="bbox 268 1073 1417 1157; baseline 0 -23"><span class='ocrx_word' id='word_1_48' title='bbox 268 1073 403 1153; x_wconf 76' lang='lat' dir='ltr'><strong>Critiae,</strong></span> <span class='ocrx_word' id='word_1_49' title='bbox 423 1074 479 1136; x_wconf 54' lang='lat' dir='ltr'><strong>sin*</strong></span> <span class='ocrx_word' id='word_1_50' title='bbox 495 1075 629 1157; x_wconf 76' lang='lat' dir='ltr'><strong>satyrica</strong></span> <span class='ocrx_word' id='word_1_51' title='bbox 650 1074 771 1152; x_wconf 77' lang='lat' dir='ltr'><strong>fabula,</strong></span> <span class='ocrx_word' id='word_1_52' title='bbox 792 1074 935 1137; x_wconf 73' lang='lat' dir='ltr'><strong>Aristeae</strong></span> <span class='ocrx_word' id='word_1_53' title='bbox 954 1073 1050 1136; x_wconf 80' lang='lat' dir='ltr'><strong>inisse</strong></span> <span class='ocrx_word' id='word_1_54' title='bbox 1072 1073 1261 1135; x_wconf 78' lang='lat' dir='ltr'><strong>Atalantam.</strong></span> <span class='ocrx_word' id='word_1_55' title='bbox 1304 1073 1349 1134; x_wconf 83' lang='lat' dir='ltr'><strong>At</strong></span> <span class='ocrx_word' id='word_1_56' title='bbox 1369 1073 1417 1134; x_wconf 88' lang='lat' dir='ltr'><strong>ni·</strong></span> 
     </span>
     <span class='ocr_line' id='line_1_8' title="bbox 267 1174 1417 1260; baseline 0.001 -23"><span class='ocrx_word' id='word_1_57' title='bbox 267 1177 314 1238; x_wconf 85' lang='lat' dir='ltr'><strong>hil</strong></span> <span class='ocrx_word' id='word_1_58' title='bbox 336 1187 399 1256; x_wconf 89' lang='lat' dir='ltr'><strong>eet,</strong></span> <span class='ocrx_word' id='word_1_59' title='bbox 419 1183 556 1260; x_wconf 65' lang='lat' dir='ltr'><strong>‘&#39;ex1quo</strong></span> <span class='ocrx_word' id='word_1_60' title='bbox 578 1175 718 1239; x_wconf 81' lang='lat' dir='ltr'><strong>indolem</strong></span> <span class='ocrx_word' id='word_1_61' title='bbox 744 1182 809 1254; x_wconf 81' lang='lat' dir='ltr'><strong>ejus</strong></span> <span class='ocrx_word' id='word_1_62' title='bbox 838 1193 1023 1256; x_wconf 79' lang='lat' dir='ltr'><strong>cognoscere</strong></span> <span class='ocrx_word' id='word_1_63' title='bbox 1046 1174 1157 1254; x_wconf 80' lang='lat' dir='ltr'><strong>poesie.</strong></span> <span class='ocrx_word' id='word_1_64' title='bbox 1199 1175 1282 1236; x_wconf 83' lang='lat' dir='ltr'><strong>Nam</strong></span> <span class='ocrx_word' id='word_1_65' title='bbox 1295 1176 1331 1236; x_wconf 78' lang='lat' dir='ltr'><strong>,si</strong></span> <span class='ocrx_word' id='word_1_66' title='bbox 1351 1197 1417 1238; x_wconf 87' lang='lat' dir='ltr'><strong>ma·</strong></span> 
     </span>
     <span class='ocr_line' id='line_1_9' title="bbox 267 1277 1416 1361; baseline 0.002 -21"><span class='ocrx_word' id='word_1_67' title='bbox 267 1279 378 1341; x_wconf 86' lang='lat' dir='ltr'><strong>teriem</strong></span> <span class='ocrx_word' id='word_1_68' title='bbox 404 1294 544 1361; x_wconf 85' lang='lat' dir='ltr'><strong>spectas,</strong></span> <span class='ocrx_word' id='word_1_69' title='bbox 577 1279 686 1342; x_wconf 90' lang='lat' dir='ltr'><strong>eodem</strong></span> <span class='ocrx_word' id='word_1_70' title='bbox 716 1281 844 1342; x_wconf 86' lang='lat' dir='ltr'><strong>nomine</strong></span> <span class='ocrx_word' id='word_1_71' title='bbox 874 1280 1031 1342; x_wconf 82' lang='lat' dir='ltr'><strong>Pacuvius</strong></span> <span class='ocrx_word' id='word_1_72' title='bbox 1058 1277 1253 1358; x_wconf 77' lang='lat' dir='ltr'><strong>&#39;tragoediam</strong></span> <span class='ocrx_word' id='word_1_73' title='bbox 1282 1281 1416 1357; x_wconf 84' lang='lat' dir='ltr'><strong>vocavit,</strong></span> 
     </span>
     <span class='ocr_line' id='line_1_10' title="bbox 268 1381 1417 1466; baseline 0.003 -26"><span class='ocrx_word' id='word_1_74' title='bbox 268 1381 443 1444; x_wconf 85' lang='lat' dir='ltr'><strong>comoediae</strong></span> <span class='ocrx_word' id='word_1_75' title='bbox 470 1395 576 1445; x_wconf 87' lang='lat' dir='ltr'><strong>autent</strong></span> <span class='ocrx_word' id='word_1_76' title='bbox 598 1381 712 1446; x_wconf 73' lang='lat' dir='ltr'><strong>Calliae</strong></span> <span class='ocrx_word' id='word_1_77' title='bbox 736 1385 921 1466; x_wconf 83' lang='lat' dir='ltr'><strong>Euthycles,</strong></span> <span class='ocrx_word' id='word_1_78' title='bbox 949 1383 1147 1444; x_wconf 83' lang='lat' dir='ltr'><strong>Philetaerue</strong></span> <span class='ocrx_word' id='word_1_79' title='bbox 1168 1381 1285 1463; x_wconf 86' lang='lat' dir='ltr'><strong>aliique</strong></span> <span class='ocrx_word' id='word_1_80' title='bbox 1299 1383 1417 1444; x_wconf 85' lang='lat' dir='ltr'><strong>.cotuiei</strong></span> 
     </span>
     <span class='ocr_line' id='line_1_11' title="bbox 268 1483 1416 1570; baseline 0.002 -24"><span class='ocrx_word' id='word_1_81' title='bbox 268 1483 475 1565; x_wconf 72' lang='lat' dir='ltr'><strong>scripserunt,</strong></span> <span class='ocrx_word' id='word_1_82' title='bbox 499 1499 571 1548; x_wconf 86' lang='lat' dir='ltr'><strong>ute</strong></span> <span class='ocrx_word' id='word_1_83' title='bbox 593 1489 700 1565; x_wconf 81' lang='lat' dir='ltr'><strong>rebus,</strong></span> <span class='ocrx_word' id='word_1_84' title='bbox 722 1509 802 1570; x_wconf 86' lang='lat' dir='ltr'><strong>quae</strong></span> <span class='ocrx_word' id='word_1_85' title='bbox 825 1487 863 1549; x_wconf 87' lang='lat' dir='ltr'><strong>ad</strong></span> <span class='ocrx_word' id='word_1_86' title='bbox 887 1509 956 1550; x_wconf 82' lang='lat' dir='ltr'><strong>eam</strong></span> <span class='ocrx_word' id='word_1_87' title='bbox 976 1485 1152 1566; x_wconf 80' lang='lat' dir='ltr'><strong>pertinent,</strong></span> <span class='ocrx_word' id='word_1_88' title='bbox 1174 1485 1416 1566; x_wconf 80' lang='lat' dir='ltr'><strong>sat&#39;yrieum··er·</strong></span> 
     </span>
     <span class='ocr_line' id='line_1_12' title="bbox 267 1587 1416 1672; baseline 0.004 -25"><span class='ocrx_word' id='word_1_89' title='bbox 267 1599 449 1664; x_wconf 78' lang='lat' dir='ltr'><strong>gumeutunt</strong></span> <span class='ocrx_word' id='word_1_90' title='bbox 472 1589 537 1670; x_wconf 91' lang='lat' dir='ltr'><strong>pe&#39;ti</strong></span> <span class='ocrx_word' id='word_1_91' title='bbox 558 1590 697 1670; x_wconf 85' lang='lat' dir='ltr'><strong>petuisse</strong></span> <span class='ocrx_word' id='word_1_92' title='bbox 718 1602 879 1670; x_wconf 78' lang='lat' dir='ltr'><strong>appareat.</strong></span> <span class='ocrx_word' id='word_1_93' title='bbox 921 1589 988 1652; x_wconf 85' lang='lat' dir='ltr'><strong>Neo</strong></span> <span class='ocrx_word' id='word_1_94' title='bbox 1009 1588 1219 1666; x_wconf 79' lang='lat' dir='ltr'><strong>fragmentum</strong></span> <span class='ocrx_word' id='word_1_95' title='bbox 1241 1587 1416 1672; x_wconf 74' lang='lat' dir='ltr'><strong>quidquam</strong></span> 
     </span>
     <span class='ocr_line' id='line_1_13' title="bbox 267 1687 1415 1772; baseline 0.003 -22"><span class='ocrx_word' id='word_1_96' title='bbox 267 1701 322 1750; x_wconf 85' lang='lat' dir='ltr'><strong>eut</strong></span> <span class='ocrx_word' id='word_1_97' title='bbox 346 1690 472 1772; x_wconf 74' lang='lat' dir='ltr'><strong>tragici,</strong></span> <span class='ocrx_word' id='word_1_98' title='bbox 503 1703 556 1752; x_wconf 90' lang='lat' dir='ltr'><strong>aut</strong></span> <span class='ocrx_word' id='word_1_99' title='bbox 574 1693 696 1754; x_wconf 82' lang='lat' dir='ltr'><strong>&#39;eontiei</strong></span> <span class='ocrx_word' id='word_1_100' title='bbox 725 1693 807 1754; x_wconf 82' lang='lat' dir='ltr'><strong>succi</strong></span> <span class='ocrx_word' id='word_1_101' title='bbox 833 1693 940 1754; x_wconf 83' lang='lat' dir='ltr'><strong>habet.</strong></span> <span class='ocrx_word' id='word_1_102' title='bbox 983 1687 1077 1766; x_wconf 84' lang='lat' dir='ltr'><strong>Quod</strong></span> <span class='ocrx_word' id='word_1_103' title='bbox 1106 1689 1189 1750; x_wconf 87' lang='lat' dir='ltr'><strong>enim</strong></span> <span class='ocrx_word' id='word_1_104' title='bbox 1217 1691 1415 1755; x_wconf 76' lang='lat' dir='ltr'><strong>Weberue</strong></span> 
     </span>
     <span class='ocr_line' id='line_1_14' title="bbox 268 1791 1415 1879; baseline 0.002 -25"><span class='ocrx_word' id='word_1_105' title='bbox 268 1798 363 1874; x_wconf 66' lang='lat' dir='ltr'><strong>pne</strong></span> <span class='ocrx_word' id='word_1_106' title='bbox 390 1807 500 1874; x_wconf 80' lang='lat' dir='ltr'><strong>negat,</strong></span> <span class='ocrx_word' id='word_1_107' title='bbox 531 1791 904 1879; x_wconf 62' lang='lat' dir='ltr'><strong>voeeutapuymieepoo</strong></span> <span class='ocrx_word' id='word_1_108' title='bbox 933 1812 1026 1874; x_wconf 87' lang='lat' dir='ltr'><strong>posse</strong></span> <span class='ocrx_word' id='word_1_109' title='bbox 1047 1791 1215 1872; x_wconf 82' lang='lat' dir='ltr'><strong>explicari,</strong></span> <span class='ocrx_word' id='word_1_110' title='bbox 1247 1793 1309 1858; x_wconf 81' lang='lat' dir='ltr'><strong>nisi</strong></span> <span class='ocrx_word' id='word_1_111' title='bbox 1329 1795 1415 1856; x_wconf 81' lang='lat' dir='ltr'><strong>loeus</strong></span> 
     </span>
     <span class='ocr_line' id='line_1_15' title="bbox 267 1895 1416 1980; baseline -0.002 -23"><span class='ocrx_word' id='word_1_112' title='bbox 267 1898 467 1977; x_wconf 75' lang='lat' dir='ltr'><strong>stragoedia</strong></span> <span class='ocrx_word' id='word_1_113' title='bbox 488 1911 632 1980; x_wconf 85' lang='lat' dir='ltr'><strong>sumptus</strong></span> <span class='ocrx_word' id='word_1_114' title='bbox 654 1899 713 1976; x_wconf 84' lang='lat' dir='ltr'><strong>eit,</strong></span> <span class='ocrx_word' id='word_1_115' title='bbox 744 1899 876 1961; x_wconf 86' lang='lat' dir='ltr'><strong>alteram</strong></span> <span class='ocrx_word' id='word_1_116' title='bbox 902 1897 1046 1961; x_wconf 72' lang='lat' dir='ltr'><strong>vocabuli</strong></span> <span class='ocrx_word' id='word_1_117' title='bbox 1075 1896 1140 1957; x_wconf 78' lang='lat' dir='ltr'><strong>vitu</strong></span> <span class='ocrx_word' id='word_1_118' title='bbox 1166 1895 1308 1975; x_wconf 70' lang='lat' dir='ltr'><strong>ignorat,</strong></span> <span class='ocrx_word' id='word_1_119' title='bbox 1338 1917 1416 1978; x_wconf 80' lang='lat' dir='ltr'><strong>pro·</strong></span> 
     </span>
     <span class='ocr_line' id='line_1_16' title="bbox 267 1998 1416 2083; baseline 0 -20"><span class='ocrx_word' id='word_1_120' title='bbox 267 2011 376 2079; x_wconf 81' lang='lat' dir='ltr'><strong>pterea</strong></span> <span class='ocrx_word' id='word_1_121' title='bbox 399 2001 485 2083; x_wconf 91' lang='lat' dir='ltr'><strong>quod</strong></span> <span class='ocrx_word' id='word_1_122' title='bbox 511 2023 547 2063; x_wconf 89' lang='lat' dir='ltr'><strong>ea</strong></span> <span class='ocrx_word' id='word_1_123' title='bbox 570 2021 633 2064; x_wconf 83' lang='lat' dir='ltr'><strong>vox</strong></span> <span class='ocrx_word' id='word_1_124' title='bbox 656 1999 796 2063; x_wconf 78' lang='lat' dir='ltr'><strong>indolem</strong></span> <span class='ocrx_word' id='word_1_125' title='bbox 816 2000 985 2062; x_wconf 86' lang='lat' dir='ltr'><strong>locutionis</strong></span> <span class='ocrx_word' id='word_1_126' title='bbox 1007 2001 1147 2077; x_wconf 80' lang='lat' dir='ltr'><strong>subulae,</strong></span> <span class='ocrx_word' id='word_1_127' title='bbox 1176 1998 1260 2060; x_wconf 78' lang='lat' dir='ltr'><strong>unde</strong></span> <span class='ocrx_word' id='word_1_128' title='bbox 1283 2000 1341 2062; x_wconf 86' lang='lat' dir='ltr'><strong>ille</strong></span> <span class='ocrx_word' id='word_1_129' title='bbox 1360 2023 1416 2083; x_wconf 83' lang='lat' dir='ltr'><strong>pe·</strong></span> 
     </span>
     <span class='ocr_line' id='line_1_17' title="bbox 268 2095 1415 2184; baseline 0.003 -22"><span class='ocrx_word' id='word_1_130' title='bbox 268 2103 344 2165; x_wconf 84' lang='lat' dir='ltr'><strong>titus</strong></span> <span class='ocrx_word' id='word_1_131' title='bbox 364 2115 420 2181; x_wconf 86' lang='lat' dir='ltr'><strong>eet,</strong></span> <span class='ocrx_word' id='word_1_132' title='bbox 442 2115 505 2166; x_wconf 83' lang='lat' dir='ltr'><strong>tam</strong></span> <span class='ocrx_word' id='word_1_133' title='bbox 523 2105 757 2168; x_wconf 84' lang='lat' dir='ltr'><strong>convenientem</strong></span> <span class='ocrx_word' id='word_1_134' title='bbox 775 2095 888 2184; x_wconf 80' lang='lat' dir='ltr'><strong>po&#39;teet,</strong></span> <span class='ocrx_word' id='word_1_135' title='bbox 909 2121 1004 2184; x_wconf 80' lang='lat' dir='ltr'><strong>quam</strong></span> <span class='ocrx_word' id='word_1_136' title='bbox 1019 2103 1207 2166; x_wconf 83' lang='lat' dir='ltr'><strong>contrariam</strong></span> <span class='ocrx_word' id='word_1_137' title='bbox 1222 2103 1415 2183; x_wconf 68' lang='lat' dir='ltr'><strong>consignare.</strong></span> 
     </span>
     <span class='ocr_line' id='line_1_18' title="bbox 268 2203 1416 2290; baseline 0.002 -24"><span class='ocrx_word' id='word_1_138' title='bbox 268 2203 374 2282; x_wconf 81' lang='lat' dir='ltr'><strong>Quare</strong></span> <span class='ocrx_word' id='word_1_139' title='bbox 395 2221 492 2270; x_wconf 88' lang='lat' dir='ltr'><strong>totum</strong></span> <span class='ocrx_word' id='word_1_140' title='bbox 514 2229 581 2270; x_wconf 88' lang='lat' dir='ltr'><strong>rem</strong></span> <span class='ocrx_word' id='word_1_141' title='bbox 605 2210 638 2269; x_wconf 93' lang='lat' dir='ltr'><strong>in</strong></span> <span class='ocrx_word' id='word_1_142' title='bbox 661 2207 765 2271; x_wconf 88' lang='lat' dir='ltr'><strong>medio</strong></span> <span class='ocrx_word' id='word_1_143' title='bbox 787 2207 1006 2290; x_wconf 81' lang='lat' dir='ltr'><strong>relinquimur.</strong></span> <span class='ocrx_word' id='word_1_144' title='bbox 1048 2208 1129 2272; x_wconf 85' lang='lat' dir='ltr'><strong>Sunt</strong></span> <span class='ocrx_word' id='word_1_145' title='bbox 1150 2219 1254 2268; x_wconf 81' lang='lat' dir='ltr'><strong>antem</strong></span> <span class='ocrx_word' id='word_1_146' title='bbox 1275 2207 1337 2270; x_wconf 79' lang='lat' dir='ltr'><strong>elia</strong></span> <span class='ocrx_word' id='word_1_147' title='bbox 1357 2207 1416 2268; x_wconf 83' lang='lat' dir='ltr'><strong>ltu-</strong></span> 
     </span>
     <span class='ocr_line' id='line_1_19' title="bbox 265 2309 1415 2395; baseline -0.004 -20"><span class='ocrx_word' id='word_1_148' title='bbox 265 2315 314 2389; x_wconf 84' lang='lat' dir='ltr'><strong>jus</strong></span> <span class='ocrx_word' id='word_1_149' title='bbox 335 2321 447 2392; x_wconf 70' lang='lat' dir='ltr'><strong>potitae</strong></span> <span class='ocrx_word' id='word_1_150' title='bbox 468 2315 652 2393; x_wconf 81' lang='lat' dir='ltr'><strong>fragmenta,</strong></span> <span class='ocrx_word' id='word_1_151' title='bbox 673 2333 753 2395; x_wconf 86' lang='lat' dir='ltr'><strong>quae</strong></span> <span class='ocrx_word' id='word_1_152' title='bbox 776 2332 846 2374; x_wconf 85' lang='lat' dir='ltr'><strong>etun</strong></span> <span class='ocrx_word' id='word_1_153' title='bbox 867 2324 954 2374; x_wconf 80' lang='lat' dir='ltr'><strong>certo</strong></span> <span class='ocrx_word' id='word_1_154' title='bbox 976 2313 1097 2374; x_wconf 83' lang='lat' dir='ltr'><strong>labulae</strong></span> <span class='ocrx_word' id='word_1_155' title='bbox 1119 2310 1245 2374; x_wconf 87' lang='lat' dir='ltr'><strong>nornine</strong></span> <span class='ocrx_word' id='word_1_156' title='bbox 1268 2309 1415 2390; x_wconf 80' lang='lat' dir='ltr'><strong>conjungi</strong></span> 
     </span>
     <span class='ocr_line' id='line_1_20' title="bbox 266 2415 1415 2498; baseline -0.001 -23"><span class='ocrx_word' id='word_1_157' title='bbox 266 2433 331 2476; x_wconf 87' lang='lat' dir='ltr'><strong>non</strong></span> <span class='ocrx_word' id='word_1_158' title='bbox 351 2415 495 2495; x_wconf 84' lang='lat' dir='ltr'><strong>possunt.</strong></span> <span class='ocrx_word' id='word_1_159' title='bbox 544 2415 626 2478; x_wconf 88' lang='lat' dir='ltr'><strong>Nam</strong></span> <span class='ocrx_word' id='word_1_160' title='bbox 655 2435 782 2494; x_wconf 81' lang='lat' dir='ltr'><strong>verene,</strong></span> <span class='ocrx_word' id='word_1_161' title='bbox 814 2437 908 2498; x_wconf 85' lang='lat' dir='ltr'><strong>quern</strong></span> <span class='ocrx_word' id='word_1_162' title='bbox 931 2415 1081 2478; x_wconf 84' lang='lat' dir='ltr'><strong>Stobaeus</strong></span> <span class='ocrx_word' id='word_1_163' title='bbox 1106 2416 1206 2478; x_wconf 86' lang='lat' dir='ltr'><strong>Serm.</strong></span> <span class='ocrx_word' id='word_1_164' title='bbox 1227 2435 1278 2494; x_wconf 86' lang='lat' dir='ltr'><strong>ep.</strong></span> <span class='ocrx_word' id='word_1_165' title='bbox 1299 2415 1415 2475; x_wconf 85' lang='lat' dir='ltr'><strong>Wech.</strong></span> 
     </span>
     <span class='ocr_line' id='line_1_21' title="bbox 270 2515 1414 2598; baseline -0.001 -20"><span class='ocrx_word' id='word_1_166' title='bbox 270 2520 330 2580; x_wconf 89' lang='grc'><strong>104</strong></span> <span class='ocrx_word' id='word_1_167' title='bbox 353 2520 464 2596; x_wconf 85' lang='lat' dir='ltr'><strong>habet,</strong></span> <span class='ocrx_word' id='word_1_168' title='bbox 499 2519 534 2578; x_wconf 91' lang='lat' dir='ltr'><strong>in</strong></span> <span class='ocrx_word' id='word_1_169' title='bbox 556 2521 702 2582; x_wconf 87' lang='lat' dir='ltr'><strong>omnibus</strong></span> <span class='ocrx_word' id='word_1_170' title='bbox 722 2521 828 2598; x_wconf 88' lang='lat' dir='ltr'><strong>libris,</strong></span> <span class='ocrx_word' id='word_1_171' title='bbox 856 2534 892 2582; x_wconf 90' lang='lat' dir='ltr'><strong>ut</strong></span> <span class='ocrx_word' id='word_1_172' title='bbox 918 2541 1014 2582; x_wconf 86' lang='lat' dir='ltr'><strong>unum</strong></span> <span class='ocrx_word' id='word_1_173' title='bbox 1037 2518 1294 2582; x_wconf 76' lang='lat' dir='ltr'><strong>Trinenuelli</strong></span> <span class='ocrx_word' id='word_1_174' title='bbox 1318 2515 1414 2578; x_wconf 85' lang='lat' dir='ltr'><strong>omit·</strong></span> 
     </span>
     <span class='ocr_line' id='line_1_22' title="bbox 265 2619 1415 2699; baseline 0 -18"><span class='ocrx_word' id='word_1_175' title='bbox 265 2631 383 2699; x_wconf 81' lang='lat' dir='ltr'><strong>tantus,</strong></span> <span class='ocrx_word' id='word_1_176' title='bbox 412 2620 533 2682; x_wconf 77' lang='lat' dir='ltr'><strong>Oritiae</strong></span> <span class='ocrx_word' id='word_1_177' title='bbox 557 2619 789 2687; x_wconf 84' lang='lat' dir='ltr'><strong>adscribuntur.</strong></span> <span class='ocrx_word' id='word_1_178' title='bbox 843 2621 943 2699; x_wconf 84' lang='lat' dir='ltr'><strong>Quem</strong></span> <span class='ocrx_word' id='word_1_179' title='bbox 971 2623 1036 2685; x_wconf 91' lang='lat' dir='ltr'><strong>duo</strong></span> <span class='ocrx_word' id='word_1_180' title='bbox 1062 2642 1173 2686; x_wconf 78' lang='lat' dir='ltr'><strong>versus</strong></span> <span class='ocrx_word' id='word_1_181' title='bbox 1193 2621 1309 2682; x_wconf 83' lang='lat' dir='ltr'><strong>ibidem</strong></span> <span class='ocrx_word' id='word_1_182' title='bbox 1331 2619 1415 2682; x_wconf 82' lang='lat' dir='ltr'><strong>inse·</strong></span> 
     </span>
     <span class='ocr_line' id='line_1_23' title="bbox 266 2723 1414 2809; baseline 0.003 -26"><span class='ocrx_word' id='word_1_183' title='bbox 266 2735 417 2804; x_wconf 89' lang='lat' dir='ltr'><strong>qnuntur,</strong></span> <span class='ocrx_word' id='word_1_184' title='bbox 437 2723 554 2806; x_wconf 86' lang='lat' dir='ltr'><strong>quibus</strong></span> <span class='ocrx_word' id='word_1_185' title='bbox 573 2724 606 2784; x_wconf 88' lang='lat' dir='ltr'><strong>in</strong></span> <span class='ocrx_word' id='word_1_186' title='bbox 625 2723 743 2787; x_wconf 74' lang='lat' dir='ltr'><strong>Codri</strong></span> <span class='ocrx_word' id='word_1_187' title='bbox 764 2745 879 2788; x_wconf 86' lang='lat' dir='ltr'><strong>nomen</strong></span> <span class='ocrx_word' id='word_1_188' title='bbox 901 2727 1063 2809; x_wconf 75' lang='grc' dir='ltr'><strong>Σωσικρα,</strong></span> <span class='ocrx_word' id='word_1_189' title='bbox 1083 2724 1117 2786; x_wconf 86' lang='lat' dir='ltr'><strong>in</strong></span> <span class='ocrx_word' id='word_1_190' title='bbox 1137 2724 1222 2787; x_wconf 87' lang='lat' dir='ltr'><strong>libro</strong></span> <span class='ocrx_word' id='word_1_191' title='bbox 1240 2723 1414 2786; x_wconf 69' lang='lat' dir='ltr'><strong>Triocav.</strong></span> 
     </span>
     <span class='ocr_line' id='line_1_24' title="bbox 267 2818 1416 2908; baseline -0.001 -17"><span class='ocrx_word' id='word_1_192' title='bbox 267 2818 416 2908; x_wconf 77' lang='grc' dir='ltr'><strong><em>Σωσικρά</em></strong></span> <span class='ocrx_word' id='word_1_193' title='bbox 439 2827 615 2907; x_wconf 87' lang='lat' dir='ltr'><strong>appositum</strong></span> <span class='ocrx_word' id='word_1_194' title='bbox 639 2840 694 2890; x_wconf 89' lang='lat' dir='ltr'><strong>eet.</strong></span> <span class='ocrx_word' id='word_1_195' title='bbox 738 2827 837 2890; x_wconf 89' lang='lat' dir='ltr'><strong>Iidem</strong></span> <span class='ocrx_word' id='word_1_196' title='bbox 861 2848 938 2892; x_wconf 86' lang='lat' dir='ltr'><strong>vero</strong></span> <span class='ocrx_word' id='word_1_197' title='bbox 965 2849 1035 2890; x_wconf 91' lang='lat' dir='ltr'><strong>cum</strong></span> <span class='ocrx_word' id='word_1_198' title='bbox 1065 2827 1121 2890; x_wconf 90' lang='lat' dir='ltr'><strong>illo</strong></span> <span class='ocrx_word' id='word_1_199' title='bbox 1144 2827 1252 2907; x_wconf 87' lang='lat' dir='ltr'><strong>priore</strong></span> <span class='ocrx_word' id='word_1_200' title='bbox 1276 2826 1416 2908; x_wconf 69' lang='lat' dir='ltr'><strong>copulati</strong></span> 
     </span>
     <span class='ocr_line' id='line_1_25' title="bbox 265 2929 1415 3014; baseline 0.003 -26"><span class='ocrx_word' id='word_1_201' title='bbox 265 2950 315 3008; x_wconf 86' lang='lat' dir='ltr'><strong>ap.</strong></span> <span class='ocrx_word' id='word_1_202' title='bbox 337 2929 467 2992; x_wconf 83' lang='lat' dir='ltr'><strong>Maxim.</strong></span> <span class='ocrx_word' id='word_1_203' title='bbox 490 2930 633 2992; x_wconf 88' lang='lat' dir='ltr'><strong>Sermon.</strong></span> <span class='ocrx_word' id='word_1_204' title='bbox 655 2934 909 3012; x_wconf 73' lang='lat' dir='ltr'><strong>ap0Weolr.105</strong></span> <span class='ocrx_word' id='word_1_205' title='bbox 933 2944 1068 3014; x_wconf 76' lang='lat' dir='ltr'><strong>tyranno</strong></span> <span class='ocrx_word' id='word_1_206' title='bbox 1089 2930 1300 3006; x_wconf 78' lang='lat' dir='ltr'><strong>vindicantur.</strong></span> <span class='ocrx_word' id='word_1_207' title='bbox 1342 2929 1415 2992; x_wconf 90' lang='lat' dir='ltr'><strong>Pari</strong></span> 
     </span>
     <span class='ocr_line' id='line_1_26' title="bbox 265 3030 1414 3117; baseline 0 -25"><span class='ocrx_word' id='word_1_208' title='bbox 265 3030 369 3094; x_wconf 49' lang='lat' dir='ltr'><strong>modo&gt;</strong></span> <span class='ocrx_word' id='word_1_209' title='bbox 382 3030 524 3112; x_wconf 83' lang='lat' dir='ltr'><strong>dictum,</strong></span> <span class='ocrx_word' id='word_1_210' title='bbox 548 3033 635 3116; x_wconf 86' lang='lat' dir='ltr'><strong>quod</strong></span> <span class='ocrx_word' id='word_1_211' title='bbox 656 3048 705 3098; x_wconf 82' lang='lat' dir='ltr'><strong>est</strong></span> <span class='ocrx_word' id='word_1_212' title='bbox 724 3057 774 3117; x_wconf 89' lang='lat' dir='ltr'><strong>op.</strong></span> <span class='ocrx_word' id='word_1_213' title='bbox 797 3037 884 3098; x_wconf 86' lang='lat' dir='ltr'><strong>Stob.</strong></span> <span class='ocrx_word' id='word_1_214' title='bbox 905 3035 1006 3097; x_wconf 58' lang='lat' dir='ltr'><strong>Serme</strong></span> <span class='ocrx_word' id='word_1_215' title='bbox 1028 3037 1088 3112; x_wconf 79' lang='lat'><strong>64,</strong></span> <span class='ocrx_word' id='word_1_216' title='bbox 1122 3034 1239 3096; x_wconf 88' lang='lat' dir='ltr'><strong>Critiae</strong></span> <span class='ocrx_word' id='word_1_217' title='bbox 1258 3035 1414 3115; x_wconf 81' lang='lat' dir='ltr'><strong>pleraque</strong></span> 
     </span>
     <span class='ocr_line' id='line_1_27' title="bbox 264 3134 1414 3219; baseline -0.003 -22"><span class='ocrx_word' id='word_1_218' title='bbox 264 3135 397 3197; x_wconf 78' lang='lat' dir='ltr'><strong>Maximi</strong></span> <span class='ocrx_word' id='word_1_219' title='bbox 411 3139 475 3198; x_wconf 79' lang='lat' dir='ltr'><strong>att</strong></span> <span class='ocrx_word' id='word_1_220' title='bbox 495 3140 686 3219; x_wconf 63' lang='lat' dir='ltr'><strong>exemplaria</strong></span> <span class='ocrx_word' id='word_1_221' title='bbox 702 3140 858 3202; x_wconf 75' lang='lat' dir='ltr'><strong>tribuunt.</strong></span> <span class='ocrx_word' id='word_1_222' title='bbox 895 3139 977 3200; x_wconf 66' lang='lat' dir='ltr'><strong>⁴ltem</strong></span> <span class='ocrx_word' id='word_1_223' title='bbox 994 3151 1068 3202; x_wconf 88' lang='lat' dir='ltr'><strong>sunt</strong></span> <span class='ocrx_word' id='word_1_224' title='bbox 1091 3139 1264 3217; x_wconf 74' lang='lat' dir='ltr'><strong>fragmenta</strong></span> <span class='ocrx_word' id='word_1_225' title='bbox 1280 3134 1414 3219; x_wconf 79' lang='lat' dir='ltr'><strong>¹tyranni</strong></span> 
     </span>
     <span class='ocr_line' id='line_1_28' title="bbox 265 3239 1320 3326; baseline 0.005 -27"><span class='ocrx_word' id='word_1_226' title='bbox 265 3239 549 3319; x_wconf 67' lang='lat' dir='ltr'><strong>spemn-serm.</strong></span> <span class='ocrx_word' id='word_1_227' title='bbox 574 3245 658 3304; x_wconf 61' lang='grc' dir='ltr'><strong>2118.Ι</strong></span> <span class='ocrx_word' id='word_1_228' title='bbox 692 3241 981 3322; x_wconf 73' lang='lat' dir='ltr'><strong>Eulog.1’11.t,tt</strong></span> <span class='ocrx_word' id='word_1_229' title='bbox 1008 3241 1075 3326; x_wconf 77' lang='lat' dir='ltr'><strong>(ed.</strong></span> <span class='ocrx_word' id='word_1_230' title='bbox 1095 3239 1241 3326; x_wconf 49' lang='lat' dir='ltr'><strong>Canni*</strong></span> <span class='ocrx_word' id='word_1_231' title='bbox 1316 3275 1320 3282; x_wconf 89' lang='lat'>.</span> 
     </span>
     <span class='ocr_line' id='line_1_29' title="bbox 351 3342 1414 3426; baseline 0.006 -26"><span class='ocrx_word' id='word_1_232' title='bbox 351 3342 461 3423; x_wconf 86' lang='lat' dir='ltr'><strong>ltaque</strong></span> <span class='ocrx_word' id='word_1_233' title='bbox 491 3342 608 3406; x_wconf 78' lang='lat' dir='ltr'><strong>Critiae</strong></span> <span class='ocrx_word' id='word_1_234' title='bbox 637 3344 759 3406; x_wconf 85' lang='lat' dir='ltr'><strong>duabus</strong></span> <span class='ocrx_word' id='word_1_235' title='bbox 786 3345 918 3422; x_wconf 74' lang='lat' dir='ltr'><strong>tabulis,</strong></span> <span class='ocrx_word' id='word_1_236' title='bbox 945 3343 1197 3426; x_wconf 81' lang='lat' dir='ltr'><strong>comprincipes</strong></span> <span class='ocrx_word' id='word_1_237' title='bbox 1224 3345 1300 3408; x_wconf 84' lang='lat' dir='ltr'><strong>talia</strong></span> <span class='ocrx_word' id='word_1_238' title='bbox 1321 3364 1414 3423; x_wconf 79' lang='lat' dir='ltr'><strong>argu·</strong></span> 
     </span>
     <span class='ocr_line' id='line_1_30' title="bbox 263 3445 1412 3528; baseline 0.004 -25"><span class='ocrx_word' id='word_1_239' title='bbox 263 3455 369 3503; x_wconf 85' lang='lat' dir='ltr'><strong>menta</strong></span> <span class='ocrx_word' id='word_1_240' title='bbox 391 3445 452 3505; x_wconf 84' lang='lat' dir='ltr'><strong>eibi</strong></span> <span class='ocrx_word' id='word_1_241' title='bbox 474 3447 690 3528; x_wconf 81' lang='lat' dir='ltr'><strong>sumpsissent,</strong></span> <span class='ocrx_word' id='word_1_242' title='bbox 711 3467 844 3528; x_wconf 86' lang='lat' dir='ltr'><strong>poenae,</strong></span> <span class='ocrx_word' id='word_1_243' title='bbox 866 3467 943 3528; x_wconf 87' lang='lat' dir='ltr'><strong>quas</strong></span> <span class='ocrx_word' id='word_1_244' title='bbox 965 3447 1056 3527; x_wconf 90' lang='lat' dir='ltr'><strong>impii</strong></span> <span class='ocrx_word' id='word_1_245' title='bbox 1078 3446 1161 3528; x_wconf 90' lang='lat' dir='ltr'><strong>apud</strong></span> <span class='ocrx_word' id='word_1_246' title='bbox 1183 3448 1302 3511; x_wconf 86' lang='lat' dir='ltr'><strong>inleroe</strong></span> <span class='ocrx_word' id='word_1_247' title='bbox 1323 3450 1412 3509; x_wconf 88' lang='lat' dir='ltr'><strong>luere</strong></span> 
     </span>
     <span class='ocr_line' id='line_1_31' title="bbox 264 3547 1414 3628; baseline 0.005 -24"><span class='ocrx_word' id='word_1_248' title='bbox 264 3547 465 3624; x_wconf 85' lang='lat' dir='ltr'><strong>putabantur,</strong></span> <span class='ocrx_word' id='word_1_249' title='bbox 485 3549 734 3628; x_wconf 83' lang='lat' dir='ltr'><strong>repraesentavit</strong></span> <span class='ocrx_word' id='word_1_250' title='bbox 757 3569 793 3610; x_wconf 90' lang='lat' dir='ltr'><strong>eo</strong></span> <span class='ocrx_word' id='word_1_251' title='bbox 816 3549 955 3626; x_wconf 85' lang='lat' dir='ltr'><strong>consilio,</strong></span> <span class='ocrx_word' id='word_1_252' title='bbox 980 3561 1013 3610; x_wconf 96' lang='lat' dir='ltr'><strong>ut</strong></span> <span class='ocrx_word' id='word_1_253' title='bbox 1034 3549 1220 3613; x_wconf 85' lang='lat' dir='ltr'><strong>sententiam</strong></span> <span class='ocrx_word' id='word_1_254' title='bbox 1239 3550 1326 3609; x_wconf 84' lang='lat' dir='ltr'><strong>illam</strong></span> <span class='ocrx_word' id='word_1_255' title='bbox 1344 3550 1414 3628; x_wconf 86' lang='lat' dir='ltr'><strong>pri·</strong></span> 
     </span>
     <span class='ocr_line' id='line_1_32' title="bbox 264 3642 1413 3737; baseline 0.005 -31"><span class='ocrx_word' id='word_1_256' title='bbox 264 3647 392 3708; x_wconf 88' lang='lat' dir='ltr'><strong>mariam</strong></span> <span class='ocrx_word' id='word_1_257' title='bbox 415 3670 450 3709; x_wconf 86' lang='lat' dir='ltr'><strong>ac</strong></span> <span class='ocrx_word' id='word_1_258' title='bbox 472 3651 686 3730; x_wconf 85' lang='lat' dir='ltr'><strong>gravissimam</strong></span> <span class='ocrx_word' id='word_1_259' title='bbox 709 3642 917 3728; x_wconf 79' lang='lat' dir='ltr'><strong>confirmaret,</strong></span> <span class='ocrx_word' id='word_1_260' title='bbox 938 3675 956 3712; x_wconf 90' lang='lat' dir='ltr'><strong>a</strong></span> <span class='ocrx_word' id='word_1_261' title='bbox 978 3649 1047 3730; x_wconf 89' lang='lat' dir='ltr'><strong>deo,</strong></span> <span class='ocrx_word' id='word_1_262' title='bbox 1070 3651 1126 3737; x_wconf 86' lang='lat' dir='ltr'><strong>qni</strong></span> <span class='ocrx_word' id='word_1_263' title='bbox 1144 3651 1224 3712; x_wconf 85' lang='lat' dir='ltr'><strong>nihil</strong></span> <span class='ocrx_word' id='word_1_264' title='bbox 1242 3651 1413 3734; x_wconf 77' lang='lat' dir='ltr'><strong>ignoraret,</strong></span> 
     </span>
     <span class='ocr_line' id='line_1_33' title="bbox 263 3736 1414 3844; baseline -0.006 -23"><span class='ocrx_word' id='word_1_265' title='bbox 263 3751 380 3836; x_wconf 78' lang='lat' dir='ltr'><strong>quique</strong></span> <span class='ocrx_word' id='word_1_266' title='bbox 397 3755 583 3830; x_wconf 87' lang='lat' dir='ltr'><strong>justissimus</strong></span> <span class='ocrx_word' id='word_1_267' title='bbox 604 3769 694 3834; x_wconf 82' lang='lat' dir='ltr'><strong>esset,</strong></span> <span class='ocrx_word' id='word_1_268' title='bbox 712 3736 964 3843; x_wconf 44' lang='lat' dir='ltr'><strong>&#39;unumquodque</strong></span> <span class='ocrx_word' id='word_1_269' title='bbox 986 3767 1057 3838; x_wconf 85' lang='lat' dir='ltr'><strong>post</strong></span> <span class='ocrx_word' id='word_1_270' title='bbox 1079 3766 1212 3844; x_wconf 84' lang='lat' dir='ltr'><strong>mortem</strong></span> <span class='ocrx_word' id='word_1_271' title='bbox 1233 3749 1414 3836; x_wconf 79' lang='lat' dir='ltr'><strong>sceluspu-</strong></span> 
     </span>
     <span class='ocr_line' id='line_1_34' title="bbox 264 3855 1413 3943; baseline 0.003 -27"><span class='ocrx_word' id='word_1_272' title='bbox 264 3855 338 3920; x_wconf 86' lang='lat' dir='ltr'><strong>uiri.</strong></span> <span class='ocrx_word' id='word_1_273' title='bbox 378 3857 415 3920; x_wconf 91' lang='lat' dir='ltr'><strong>ld</strong></span> <span class='ocrx_word' id='word_1_274' title='bbox 440 3859 524 3922; x_wconf 87' lang='lat' dir='ltr'><strong>enim</strong></span> <span class='ocrx_word' id='word_1_275' title='bbox 546 3860 607 3920; x_wconf 84' lang='lat' dir='ltr'><strong>nisi</strong></span> <span class='ocrx_word' id='word_1_276' title='bbox 629 3871 787 3924; x_wconf 81' lang='lat' dir='ltr'><strong>constaret</strong></span> <span class='ocrx_word' id='word_1_277' title='bbox 808 3862 1016 3943; x_wconf 85' lang='lat' dir='ltr'><strong>omnibusque</strong></span> <span class='ocrx_word' id='word_1_278' title='bbox 1038 3872 1117 3924; x_wconf 79' lang='lat' dir='ltr'><strong>esset</strong></span> <span class='ocrx_word' id='word_1_279' title='bbox 1138 3879 1338 3941; x_wconf 81' lang='lat' dir='ltr'><strong>persuasum,</strong></span> <span class='ocrx_word' id='word_1_280' title='bbox 1358 3879 1413 3922; x_wconf 88' lang='lat' dir='ltr'><strong>ne·</strong></span> 
     </span>
     <span class='ocr_line' id='line_1_35' title="bbox 264 3959 1412 4046; baseline 0.002 -27"><span class='ocrx_word' id='word_1_281' title='bbox 264 3978 325 4040; x_wconf 86' lang='lat' dir='ltr'><strong>qne</strong></span> <span class='ocrx_word' id='word_1_282' title='bbox 348 3959 525 4040; x_wconf 80' lang='lat' dir='ltr'><strong>religionis,</strong></span> <span class='ocrx_word' id='word_1_283' title='bbox 558 3981 662 4044; x_wconf 88' lang='lat' dir='ltr'><strong>neque</strong></span> <span class='ocrx_word' id='word_1_284' title='bbox 688 3963 834 4044; x_wconf 80' lang='lat' dir='ltr'><strong>pietatis,</strong></span> <span class='ocrx_word' id='word_1_285' title='bbox 865 3985 968 4046; x_wconf 85' lang='lat' dir='ltr'><strong>neque</strong></span> <span class='ocrx_word' id='word_1_286' title='bbox 991 3964 1112 4041; x_wconf 81' lang='lat' dir='ltr'><strong>legum,</strong></span> <span class='ocrx_word' id='word_1_287' title='bbox 1142 3979 1246 4044; x_wconf 87' lang='lat' dir='ltr'><strong>neque</strong></span> <span class='ocrx_word' id='word_1_288' title='bbox 1267 3960 1412 4041; x_wconf 80' lang='lat' dir='ltr'><strong>publicae</strong></span> 
     </span>
     <span class='ocr_line' id='line_1_36' title="bbox 265 4060 1413 4146; baseline 0.001 -23"><span class='ocrx_word' id='word_1_289' title='bbox 265 4060 401 4146; x_wconf 86' lang='lat' dir='ltr'><strong>denique</strong></span> <span class='ocrx_word' id='word_1_290' title='bbox 423 4067 506 4129; x_wconf 86' lang='lat' dir='ltr'><strong>vitae</strong></span> <span class='ocrx_word' id='word_1_291' title='bbox 530 4066 768 4129; x_wconf 82' lang='lat' dir='ltr'><strong>fundamentum</strong></span> <span class='ocrx_word' id='word_1_292' title='bbox 793 4087 858 4130; x_wconf 84' lang='lat' dir='ltr'><strong>esee</strong></span> <span class='ocrx_word' id='word_1_293' title='bbox 880 4067 1087 4144; x_wconf 80' lang='lat' dir='ltr'><strong>existimavit,</strong></span> <span class='ocrx_word' id='word_1_294' title='bbox 1118 4076 1154 4126; x_wconf 94' lang='lat' dir='ltr'><strong>ut</strong></span> <span class='ocrx_word' id='word_1_295' title='bbox 1177 4080 1217 4126; x_wconf 80' lang='lat' dir='ltr'><strong>ex</strong></span> <span class='ocrx_word' id='word_1_296' title='bbox 1237 4065 1413 4143; x_wconf 72' lang='lat' dir='ltr'><strong>fingmento</strong></span> 
     </span>
     <span class='ocr_line' id='line_1_37' title="bbox 264 4164 1412 4253; baseline -0.001 -25"><span class='ocrx_word' id='word_1_297' title='bbox 264 4164 392 4248; x_wconf 84' lang='lat' dir='ltr'><strong>Sisyphi</strong></span> <span class='ocrx_word' id='word_1_298' title='bbox 421 4167 637 4249; x_wconf 83' lang='lat' dir='ltr'><strong>intelligimus.</strong></span> <span class='ocrx_word' id='word_1_299' title='bbox 690 4171 804 4253; x_wconf 88' lang='lat' dir='ltr'><strong>Neque</strong></span> <span class='ocrx_word' id='word_1_300' title='bbox 836 4181 956 4232; x_wconf 85' lang='lat' dir='ltr'><strong>ceterae</strong></span> <span class='ocrx_word' id='word_1_301' title='bbox 985 4170 1157 4233; x_wconf 84' lang='lat' dir='ltr'><strong>sententiae</strong></span> <span class='ocrx_word' id='word_1_302' title='bbox 1186 4169 1321 4230; x_wconf 80' lang='lat' dir='ltr'><strong>morales</strong></span> <span class='ocrx_word' id='word_1_303' title='bbox 1350 4178 1412 4228; x_wconf 85' lang='lat' dir='ltr'><strong>tam</strong></span> 
     </span>
     <span class='ocr_line' id='line_1_38' title="bbox 263 4267 1412 4363; baseline 0.003 -35"><span class='ocrx_word' id='word_1_304' title='bbox 263 4290 374 4346; x_wconf 80' lang='lat' dir='ltr'><strong>graves</strong></span> <span class='ocrx_word' id='word_1_305' title='bbox 396 4272 457 4354; x_wconf 89' lang='lat' dir='ltr'><strong>ipsi</strong></span> <span class='ocrx_word' id='word_1_306' title='bbox 479 4267 678 4363; x_wconf 74' lang='lat' dir='ltr'><strong>uidebantur,</strong></span> <span class='ocrx_word' id='word_1_307' title='bbox 699 4287 869 4356; x_wconf 89' lang='lat' dir='ltr'><strong>propterea</strong></span> <span class='ocrx_word' id='word_1_308' title='bbox 892 4273 978 4357; x_wconf 91' lang='lat' dir='ltr'><strong>quod</strong></span> <span class='ocrx_word' id='word_1_309' title='bbox 996 4272 1078 4334; x_wconf 87' lang='lat' dir='ltr'><strong>idem</strong></span> <span class='ocrx_word' id='word_1_310' title='bbox 1101 4271 1219 4335; x_wconf 88' lang='lat' dir='ltr'><strong>bonum</strong></span> <span class='ocrx_word' id='word_1_311' title='bbox 1240 4281 1337 4354; x_wconf 87' lang='lat' dir='ltr'><strong>atque</strong></span> <span class='ocrx_word' id='word_1_312' title='bbox 1355 4271 1412 4331; x_wconf 89' lang='lat' dir='ltr'><strong>ho·</strong></span> 
     </span>
     <span class='ocr_line' id='line_1_39' title="bbox 265 4365 1411 4460; baseline 0.003 -32"><span class='ocrx_word' id='word_1_313' title='bbox 265 4383 389 4434; x_wconf 86' lang='lat' dir='ltr'><strong>nestum</strong></span> <span class='ocrx_word' id='word_1_314' title='bbox 410 4377 529 4456; x_wconf 82' lang='lat' dir='ltr'><strong>hebuit,</strong></span> <span class='ocrx_word' id='word_1_315' title='bbox 551 4378 638 4460; x_wconf 89' lang='lat' dir='ltr'><strong>quod</strong></span> <span class='ocrx_word' id='word_1_316' title='bbox 658 4379 779 4458; x_wconf 83' lang='lat' dir='ltr'><strong>legibus</strong></span> <span class='ocrx_word' id='word_1_317' title='bbox 797 4392 877 4444; x_wconf 87' lang='lat' dir='ltr'><strong>esset</strong></span> <span class='ocrx_word' id='word_1_318' title='bbox 901 4365 1128 4456; x_wconf 85' lang='lat' dir='ltr'><strong>confirmatum,</strong></span> <span class='ocrx_word' id='word_1_319' title='bbox 1148 4367 1331 4460; x_wconf 85' lang='lat' dir='ltr'><strong>tantamque</strong></span> <span class='ocrx_word' id='word_1_320' title='bbox 1348 4373 1411 4438; x_wconf 83' lang='lat' dir='ltr'><strong>vim</strong></span> 
     </span>
     <span class='ocr_line' id='line_1_40' title="bbox 263 4470 1412 4564; baseline 0.018 -35"><span class='ocrx_word' id='word_1_321' title='bbox 263 4470 384 4549; x_wconf 84' lang='lat' dir='ltr'><strong>legibue</strong></span> <span class='ocrx_word' id='word_1_322' title='bbox 401 4477 522 4558; x_wconf 88' lang='lat' dir='ltr'><strong>tribuit,</strong></span> <span class='ocrx_word' id='word_1_323' title='bbox 546 4493 580 4543; x_wconf 89' lang='lat' dir='ltr'><strong>ut</strong></span> <span class='ocrx_word' id='word_1_324' title='bbox 597 4481 732 4546; x_wconf 79' lang='lat' dir='ltr'><strong>nefarias</strong></span> <span class='ocrx_word' id='word_1_325' title='bbox 753 4481 939 4564; x_wconf 81' lang='lat' dir='ltr'><strong>cupiditates</strong></span> <span class='ocrx_word' id='word_1_326' title='bbox 961 4493 993 4549; x_wconf 85' lang='lat' dir='ltr'><strong>et</strong></span> <span class='ocrx_word' id='word_1_327' title='bbox 1013 4479 1172 4547; x_wconf 78' lang='lat' dir='ltr'><strong>licentiam</strong></span> <span class='ocrx_word' id='word_1_328' title='bbox 1194 4478 1311 4548; x_wconf 77' lang='lat' dir='ltr'><strong>civium</strong></span> <span class='ocrx_word' id='word_1_329' title='bbox 1323 4497 1412 4550; x_wconf 77' lang='lat' dir='ltr'><strong>eom·</strong></span> 
     </span>
    </p>
   </div>
   <div class='ocr_carea' id='block_1_3' title="bbox 0 0 1534 5000">
    <p class='ocr_par' dir='ltr' id='par_1_3' title="bbox 0 0 1534 5000">
     <span class='ocr_line' id='line_1_41' title="bbox 0 0 1534 5000; baseline 0 0"><span class='ocrx_word' id='word_1_330' title='bbox 0 0 1534 5000; x_wconf 95' lang='lat' dir='ltr'><strong> </strong></span> 
     </span>
    </p>
   </div>
  </div>
 </body>
</html>
