3044 4982
772 353 859 402 VIII

250 516 323 596 gula
342 513 484 592 imaginis
505 513 711 592 lineamenta,
736 532 800 596 qua
820 514 1016 593 Agatheam
1037 511 1200 595 depinxit,
1221 516 1398 580 accuratius

252 616 505 696 examinavimus,
527 617 583 680 vix
604 617 761 680 affirmare
779 635 954 698 possumus,
976 637 1070 699 φοοοι
1087 617 1215 698 'egregie
1236 617 1396 682 audaciam

252 728 416 803 pastuum
443 741 514 782 cum
543 720 677 783 veritate
705 721 912 799 conjunxerit.
962 718 1011 782 Gi.
1034 719 1221 801 Schlegel.
1246 724 1396 788 Praelect.

252 823 291 886 de
318 823 366 886 lte
394 822 485 886 Scea.
513 823 551 884 T.
568 825 592 884 l.
616 845 649 904 p.
671 827 745 887 203.
772 827 846 885 220.
896 823 1087 888 Wiseowa
1115 826 1165 886 De
1192 825 1397 906 Aristophau.

250 924 384 1005 judicio,
417 924 503 1009 quod
523 924 563 986 de
584 925 709 1006 tragicis
730 928 913 1011 aequalibus
935 927 1027 1005 iecit,
1048 951 1079 1010 p.
1103 932 1134 993 5.
1163 927 1325 992 ·Rocder
1345 931 1397 991 Da

251 1029 367 1106 trium,
399 1043 498 1112 quae·
512 1027 624 1091 Graeci
646 1031 837 1110 coluerunt,
871 1029 1049 1094 comoedias
1084 1053 1233 1113 generum
1263 1031 1398 1113 mtioue,

251 1154 284 1213 p.
300 1134 353 1194 95.
395 1131 425 1192 A
443 1130 560 1211 'quihus
581 1133 691 1214 tragici
709 1154 802 1215 saepe
823 1137 1019 1218 multumque
1036 1136 1144 1198 vexati
1164 1135 1197 1200 id
1218 1135 1281 1216 ipsi
1300 1157 1398 1218 quae·

250 1255 324 1298 rem
344 1246 533 1314 coeperunt,
554 1235 640 1318 quod
661 1237 727 1300 vim
747 1248 958 1320 naturamque.
973 1257 1047 1299 suas
1068 1238 1146 1301 artis
1165 1239 1301 1302 maxima
1325 1258 1399 1301 cen-

251 1339 376 1402 tineret.
418 1337 518 1400 Velut
539 1339 728 1420 Sophocles,
757 1361 827 1402 cum
855 1338 1023 1421 splendore
1050 1339 1154 1420 petisia
1176 1358 1284 1402 omnes
1305 1341 1396 1402 facile

251 1443 547 1524 circumspectam
569 1443 696 1523 rationi,
722 1457 777 1506 aut
798 1443 1012 1506 observationi
1032 1441 1138 1524 potius
1159 1463 1282 1524 parere,
1303 1463 1398 1524 quam

251 1560 366 1612 temere
388 1561 530 1610 naturam
552 1547 830 1631 casumque-sequi
853 1547 964 1610 voluit.
1008 1544 1112 1622 Quare
1134 1545 1179 1624 is,
1209 1548 1397 1629 Aeschylum

250 1652 494 1734 reprehendens,
516 1651 602 1735 quod
623 1653 757 1732 regulas,
780 1652 814 1714 in
836 1652 913 1714 artis
934 1649 1040 1713 studio
1063 1661 1212 1729 servatas,
1235 1665 1300 1710 non
1321 1649 1398 1713 satie

251 1758 415 1836 explorate
444 1756 650 1837 percepisset,
684 1755 894 1822 Chamaeleon
923 1777 975 1836 ap.
1003 1756 1119 1816 Athen.
1141 1755 1183 1816 X.
1211 1773 1244 1834 [α
1266 1757 1331 1816 428
1351 1753 1397 1814 E:

251 1853 451 1945 (Αλοχῆλος)
478 1854 622 1944 μεθύων
648 1860 737 1944 νοῦν
767 1865 891 1944 ένροφο
920 1853 985 1934 τοὶς
1013 1854 1209 1943 τραγῳδίας.
1252 1849 1311 1922 Ast
1340 1855 1397 1922 ιιαλ

253 1959 447 2044 Σοφοκλῆς,
469 1954 561 2045 αὐτῷ
583 1959 826 2044 μεμφόμενος,
848 1962 981 2043 έλεγιν,
1003 1953 1073 2024 ὅτι·
1107 1951 1160 2020 Ὦ
1177 1954 1345 2045 Αἰοχῆλο,
1366 1961 1398 2024 α’

251 2061 307 2125 καλ
328 2059 372 2126 cci
395 2059 516 2127 δέοντα
538 2072 658 2136 ποιοῖς,
680 2053 753 2123 ἀλλ’
764 2051 831 2124 οὖν
848 2051 909 2123 οὐκ
930 2053 1024 2129 εἰδώς
1038 2077 1078 2138 νο
1099 2067 1224 2128 ποιεῖς·
1245 2053 1290 2131 eir
1305 2063 1397 2126 ἱοοο·

251 2173 302 2244 ροῑ
321 2160 529 2244 Χαμαιλέων
553 2165 588 2227 ἐν
609 2159 752 2247 τῷνιιρλ
771 2152 957 2247 Αἰσχύλον.
999 2157 1079 2220 lhid·
1100 2157 1125 2218 Ι.
1146 2177 1178 2238 p.
1191 2162 1234 2221 22
1252 2160 1297 2220 A:
1319 2161 1395 2226 Μο-

250 2253 350 2330 θύαν
371 2262 407 2330 δέ
428 2261 536 2329 locist
560 2255 624 2337 acie
651 2259 835 2347 οραγφέέας
862 2255 1050 2347 Αἰσχύλος,
1080 2257 1124 2334 ὥς
1146 2283 1228 2344 φησι
1250 2261 1394 2346 Χαμαι-

251 2364 344 2432 λέαν.
388 2363 564 2449 Σοφοκλῆς
583 2362 671 2446 γοῦν
686 2355 862 2444 ,ὠνείδιζον
880 2355 984 2448 crispi,
1006 2356 1074 2438 dae,
1093 2367 1126 2429 sl
1143 2365 1198 2431 ιιαλ
1214 2357 1257 2429 esi
1271 2363 1393 2432 δέοντα

250 2477 356 2543 ποιοῖ,
379 2458 527 2534 ἀλλὀὐκ
549 2461 643 2536 εἰδώς
665 2487 704 2548 rs
719 2461 764 2548 l)‚
785 2463 981 2543 cingulanae·
997 2463 1114 2526 librum
1139 2464 1178 2528 de
1199 2468 1296 2530 choro
1317 2469 1394 2530 sori-

250 2568 332 2651 psit,
352 2580 389 2630 ut
410 2566 554 2647 modum,
581 2589 676 2652 quem
696 2567 818 2649 primus
839 2567 911 2628 hoio
939 2566 1118 2647 tragoedias
1139 2569 1224 2650 parti
1244 2583 1394 2650 posuerat

249 2691 314 2736 non
342 2674 444 2735 solum
462 2671 621 2737 adversus
647 2672 826 2754 superiores
853 2669 987 2750 tragicos
1015 2693 1050 2732 ac
1071 2683 1215 2753 posteros
1239 2673 1394 2754 Aeschyli,

151 2771 156 2779 “
251 2774 305 2838 scd
326 2786 433 2838 contra
457 2774 530 2837 illos
552 2795 679 2859 quoque
701 2772 901 2851 defenderet,
920 2773 992 2855 qui,
1014 2769 1211 2854 Euripidem,
1238 2776 1291 2837 vel
1311 2776 1393 2853 Aga·

250 2879 378 2939 thonem
400 2878 517 2956 secuti,
548 2879 684 2940 carmina
710 2877 798 2940 chori
827 2889 957 2939 externa
979 2875 1076 2956 magis
1103 2877 1279 2940 fabularum
1301 2896 1394 2939 orna-

248 2991 370 3059 menta,
398 3001 492 3064 quam
513 2993 618 3063 partes
640 2980 827 3044 necessarias
848 2981 996 3042 facerent.
1039 2978 1161 3042 Iudicat
1181 2978 1293 3044 Suidas
1315 3001 1342 3042 s.
1362 3004 1392 3045 v.

251 3082 520 3166 Σοφοκλῆς...
547 3087 697 3169 dracoue
724 3076 849 3168 ἐλεγεῖά
879 3105 917 3147 aa
947 3083 1001 3148 καλ
1029 3083 1183 3152 παιᾶνας
1208 3081 1264 3146 sol
1291 3076 1393 3159 λόγον

249 3175 485 3270 καταλογάδην
515 3183 594 3268 περὶ
625 3185 691 3253 τοῦ
722 3183 823 3268 χοροῦ
853 3179 939 3264 πρὸς
970 3181 1103 3246 Θέοιιιν
1137 3177 1194 3244 καλ
1227 3180 1392 3265 Χοιρίλον

174 3361 179 3373 ¹
249 3277 509 3370 ιῖγωνιζόμενος.
551 3287 636 3348 llaec
660 3283 743 3347 enim
765 3282 810 3343 ita
836 3279 1041 3360 intelligenda
1070 3292 1101 3342 et
1128 3301 1199 3344 cum
1224 3281 1280 3360 iis,
1311 3305 1392 3365 quae

248 3384 423 3450 Scholiasta
444 3385 484 3448 ad
504 3387 668 3468 Aristoph.
689 3386 759 3446 Pac.
781 3383 822 3444 73
846 3385 958 3460 habet,
985 3402 1129 3464 quaeque
1149 3382 1275 3462 ignotus
1296 3387 1391 3448 Vitae

248 3485 395 3568 Sophocl.
416 3490 553 3571 scriptor
572 3486 740 3552 memoriae
766 3481 892 3564 prodit,
919 3485 966 3547 ita
993 3486 1208 3566 conjungenda
1235 3501 1325 3568 sunt,
1354 3503 1391 3553 ut

244 3587 417 3653 ‘Naakius
439 3589 578 3651 Choeril.
599 3610 631 3670 p.
651 3589 671 3649 7
692 3586 869 3668 praecepit,
899 3599 930 3648 et
949 3607 1009 3668 nos
1032 3587 1095 3649 alio
1116 3589 1185 3652 loeo
1206 3589 1288 3654 inira
1308 3591 1391 3654 dice·

248 3711 327 3753 mus.
371 3691 442 3768 Quo
462 3689 589 3772 quidem
612 3689 683 3770 quis
704 3709 857 3770 unquam,
877 3687 954 3772 quid
977 3701 1057 3753 esset
1078 3690 1253 3771 tragoedia,
1275 3695 1390 3758 rectius

249 3793 361 3871 sensit,
392 3806 445 3866 aut
471 3791 583 3856 arelius
612 3799 799 3872 expromere
825 3794 946 3876 potuit,
976 3796 1004 3858 si
1025 3795 1119 3868 modo
1140 3798 1240 3878 cavit,
1270 3800 1390 3862 nasibi

317 4063 349 4131 1)
368 4061 522 4117 Absurdum
541 4064 678 4136 rejicimus
694 4077 889 4133 commentum,
911 4086 966 4138 quo
985 4053 1166 4124 Chamaeleon
1185 4069 1264 4123 uerba
1281 4067 1388 4142 Sopho-

247 4147 294 4202 clis
316 4150 446 4220 explicare
469 4162 650 4209 conatusest.
686 4155 754 4211 Nam
778 4155 815 4223 is,
843 4155 1071 4227 quemadmodum
1096 4156 1275 4212 nobilissimos
1298 4163 1388 4231 podtas

247 4236 402 4292 etiamnunc
428 4255 478 4312 pcr
501 4239 656 4297 ebrietatem
681 4243 895 4298 inflammatione
918 4244 1002 4298 animi
1021 4255 1047 4300 et
1065 4245 1182 4317 quodam
1200 4245 1294 4306 afflatu
1312 4245 1388 4318 quasi

245 4319 346 4379 suroris
365 4327 494 4382 concitari
513 4329 634 4403 linguon
663 4332 702 4388 sic
718 4351 765 4399 es,
793 4351 863 4405 qma
881 4343 967 4387 totum
990 4333 1075 4406 pehtis
1092 4333 1209 4396 studium
1228 4333 1386 4406 significant,

246 4409 278 4463 ad
298 4411 479 4488 vinolentiam,
498 4419 541 4475 cui
559 4424 667 4493 po'e'tam
680 4421 761 4484 luisse
776 4421 896 4478 deditum
912 4423 1043 4491 crederet,
1061 4423 1152 4497 inopte
1168 4423 1263 4480 maluit
1279 4424 1387 4482 nferre.
1510 4425 1511 4449 ³
