3076 4998
651 339 730 414 2³9

112 525 218 590 bitum
242 533 308 601 est,
339 521 471 608 perinde
499 523 588 606 quasi
617 544 674 588 nec
700 535 829 607 praeter
853 523 1075 608 philosophum
1098 527 1263 610 quisquam

112 635 172 695 bac
193 644 276 693 voce
293 629 344 691 uti
365 639 396 693 et
417 631 635 709 Anaxagoram
655 629 823 712 Euripides
847 631 934 694 solus
954 630 1071 700 imitari
1096 627 1264 711 potuisset!

108 733 327 812 Nihilomagis
349 731 518 796 artificium
536 734 655 798 Periti
672 737 800 816 placet,
818 733 943 796 tametsi
966 733 998 800 id
1019 734 1095 798 sutis
1119 745 1264 812 argutum

114 853 181 920 est3
203 858 309 920 neque
331 837 414 900 enim
436 838 471 900 in
493 839 601 918 libris,
622 851 658 902 ut
678 838 892 904 Fabricius
913 836 959 900 ad·
976 839 1007 900 h.
1024 839 1051 898 ’1.
1074 847 1196 914 mouet,
1216 837 1265 898 ul·

113 945 181 1004 lum
213 943 344 1005 lacunae
371 939 523 1004 indicium
551 943 727 1024 reperitur,
759 963 817 1004 nec
845 954 939 1004 tenor
964 942 1137 1004 sententiae
1169 941 1265 1004 inter·

114 1058 232 1130 ruptus
250 1055 307 1122 est,
328 1044 448 1128 quippe
470 1047 725 1126 cum'sententia‚
747 1068 841 1131 quam
862 1045 976 1108 Sextus
1000 1047 1151 1110 concisam
1174 1063 1264 1126 prae·

114 1148 235 1226 mittit,
257 1132 421 1228 tpta'torts
444 1151 581 1227 subjecta
606 1164 652 1215 est
671 1153 832 1228 versibus,
847 1149 932 1212 adso
955 1163 991 1213 ut
1009 1152 1163 1233 scriptor,
1183 1169 1264 1232 quaa

113 1254 188 1315 loco
220 1249 579 1332 paerseusmonsuars
599 1254 728 1333 ¹voluit,
761 1253 907 1318 uideatur
936 1254 1053 1334 optimu
1084 1253 1264 1318 declarasse.

113 1353 211 1419 Unde
232 1351 297 1432 illi,
323 1374 341 1414 a
362 1351 463 1416 &atto
483 1353 717 1436 dissentientes,
745 1356 840 1418 nihil
845 1355 943 1419 secuti
964 1369 1037 1420 sunt
1059 1358 1118 1420 uisi
1139 1356 1265 1438 opinio*

115 1476 188 1520 nem
213 1475 340 1534 eorum,
362 1457 418 1538 qui
440 1457 576 1538 lebulas,
597 1479 676 1544 quas
698 1473 820 1525 rutenus
842 1459 959 1523 Critias
982 1461 1174 1580 tribuerant,
1201 1459 1264 1522 Eu·

115 1558 217 1641 ripidi
235 1557 466 1626 adscribebant

203 1661 376 1728 Videamus
400 1683 477 1728 vero
498 1663 575 1748 quid
594 1665 655 1745 sit,
681 1663 768 1749 quod
788 1614 933 1728 Pseudo·
939 1666 1124 1728 Plutarchus
1145 1685 1264 1728 merno-

113 1771 182 1834 riae
205 1766 392 1852 prodiderit.
436 1770 562 1833 Vereor
582 1791 623 1832 ae
640 1771 731 1853 quis,
756 1770 813 1831 tibi
831 1771 953 1832 fabulas
976 1768 1137 1850 Euripidis
1160 1769 1264 1848 perla

113 1874 218 1955 gerit,
251 1889 366 1954 eosque
388 1872 683 1950 locoscontulsrit,
715 1870 1024 1954 quihus=doctrinum
1047 1869 1086 1932 de
1108 1869 1167 1932 diis
1189 1887 1264 1950 pro·

115 1979 217 2054 iussus
239 1987 287 2038 est
308 1995 447 2038 summus
471 1983 583 2058 po'e'ta,
597 1976 790 2039 Valckeu,
811 1975 948 2038 Di'atrils.
968 1997 1002 2056 p.
1023 1975 1168 2050 37-57,
1196 1993 1263 2036 cum

115 2092 267 2142 mentem.
287 2087 378 2160 pudet
401 2077 638 2142 lllnesarelsid'ae
664 2078 780 2152 inisse,
809 2086 842 2140 nt
864 2078 908 2156 is,
939 2076 1084 2160 quamuis
1101 2098 1120 2137 a
1143 2079 1264 2158 vulgari
1358 2123 1362 2133 .

116 2181 425 2248 hominum,·ratione
447 2183 610 2264 recedens,
638 2182 714 2246 deos
736 2203 804 2246 esse
824 2196 963 2262 negaret.
1005 2184 1090 2244 Haec
1112 2181 1171 2268 iste
1192 2181 1264 2264 qui·

115 2286 188 2349 dem
211 2287 366 2366 adfirmat,
395 2304 454 2348 nos
474 2300 578 2350 autem
598 2287 728 2350 omnino
749 2287 915 2365 rejicimus.
957 2287 1069 2369 Neque
1088 2285 1133 2348 ita
1154 2303 1264 2365 porso-

115 2413 191 2454 nam
212 2393 289 2453 talia
316 2391 498 2472 loquentem
527 2390 685 2454 inducere
702 2390 826 2472 potuit,
858 2389 919 2453 nisi
943 2390 1096 2452 maximae
1117 2387 1264 2468 impicta-

117 2496 157 2558 tis
180 2494 312 2557 crimina
333 2505 489 2576 suscepto.
540 2493 620 2575 Qui,
654 2495 709 2558 ubi
736 2494 879 2610 scripsit,
910 2493 995 2578 quod
1015 2505 1063 2556 est
1085 2492 1119 2554 iu
1140 2493 1264 2574 Hippo·

116 2601 186 2684 lylo
210 2619 241 2662 v
263 2601 385 2660 6122

288 2725 309 2785 η
299 2689 477 2784 ‘yiaioo’'
461 2690 622 2788 upstdptoy',
643 2727 664 2785 η
654 2697 721 2769 d
743 2695 842 2785 pppis
856 2695 1050 2786 dudysoroc,

117 2802 205 2888 quod
229 2802 268 2866 de
290 2800 453 2868 sanctitate
473 2802 675 2880 inritjutandi
697 2805 890 2887 aliquantum
916 2805 1116 2882 detrahebat,
1145 2802 1264 2884 gravis·

116 2908 195 2970 sime
217 2906 419 2987 vituperatus
439 2917 497 2968 est.
528 2906 624 2968 ‘Num
646 2908 728 2970 forte
744 2928 872 2987 sperare
887 2909 1003 2988 potuit,
1024 2929 1093 2968 cum
1110 2907 1264 2988 Sisyphus

117 3009 156 3074 de
176 3009 240 3072 'diis
261 3017 327 3072 tusis
348 3007 446 3090 impis
466 3009 663 3086 enuntiaret,
693 3010 795 3072 nrinru
817 3009 945 3089 indigne
966 3009 999 3072 id
1022 3010 1174 3091 populum
1197 3026 1263 3068 esse
1339 3084 1349 3104 ι

116 3115 267 3189 laturum,
289 3133 359 3175 cum
379 3121 466 3174 tanta
487 3111 633 3194 impietas
652 3123 784 3196 propter
799 3115 913 3195 ipsum,
935 3110 1018 3196 quod
1034 3113 1071 3172 in
1090 3111 1148 3172 ittu
1169 3107 1263 3171 inisse

118 3216 290 3292 diceretur,
306 3215 465 3295 ingenium
479 3217 586 3280 minus
597 3215 785 3298 displiceret,
800 3235 905 3300 neque
919 3217 1039 3278 animos
1053 3223 1263 3294 spectatorum

119 3322 198 3386 adeo
212 3333 294 3385 asset
307 3317 516 3401 corruptura?
549 3323 591 3384 At
605 3342 686 3400 eum,
702 3322 757 3405 qui
770 3321 845 3384 deos
857 3319 954 3397 tollit,
966 3317 1048 3380 haud
1062 3315 1155 3379 dubis
1167 3315 1263 3392 magis

117 3423 309 3510 reprehendi
328 3430 466 3509 oportet,
488 3445 580 3506 quam
599 3425 689 3504 alios,
709 3433 777 3490 eum
794 3426 831 3488 in'
845 3421 1046 3503 iureiurando
1061 3419 1154 3482 aliter
1173 3415 1264 3500 loqui

118 3541 258 3609 censent,
279 3529 373 3590 aliter
394 3527 530 3608 cogitare
546 3528 608 3590 s'ibi
628 3528 734 3590 licere.
777 3530 883 3612 Atque
900 3525 1109 3589 etiarn.verba
1130 3519 1170 3584 de
1192 3542 1265 3602 per·

119 3635 205 3712 jurio
237 3645 310 3695 sunt
340 3631 526 3715 Hippolyti,
559 3630 821 3715 quemadmodum
851 3632 907 3694 illa
937 3631 1091 3714 Sisyphus
1121 3626 1264 3709 explicat.

119 3739 210 3818 Quae
226 3760 297 3802 cum
315 3738 359 3802 ita
379 3737 455 3814 siut,
473 3755 539 3798 non
558 3736 714 3816 intelligo,
734 3755 832 3818 quare
853 3739 929 3799 haec
950 3733 1114 3810 sententia,
1135 3731 1162 3793 si
1184 3738 1265 3798 essct

119 3841 296 3924 Euripidis,
315 3843 354 3903 ab
378 3839 516 3922 antiquis
536 3840 616 3917 illis,
637 3849 793 3922 quotquot
815 3856 940 3913 ystrum
961 3834 1130 3918 Hippolyti
1152 3839 1264 3911 po'e'tae
1375 3911 1377 3920 Ι

121 3945 245 4008 crimini
266 3943 438 4020 dedemnt,
467 3963 539 4006 nun·
552 3943 658 4025 potius
680 3955 937 4018 commemorata,
966 3942 1016 4004 rel
1038 3936 1174 4018 explosa.
1189 3931 1265 3992 fuis·

120 4059 177 4126 ssl,
198 4047 363 4128 Aristoph.
377 4047 456 4109 Ran.
474 4051 547 4126 100,
571 4047 664 4125 1519,
687 4046 877 4126 Thesmoph.
893 4048 965 4106 282.
983 4074 986 4082 ¹
1009 4043 1089 4104 Plat.
1101 4038 1264 4098 Theaetel.

120 4173 154 4234 p.
176 4153 240 4214 154
260 4151 302 4229 D,
332 4151 476 4234 Sympos.
496 4171 529 4230 p.
552 4151 614 4212 190
634 4150 673 4214 Α.
717 4149 848 4212 Aristot.
867 4149 961 4210 Rhet.
980 4145 1035 4221 111,
1057 4144 1109 4205 15.
1150 4136 1264 4201 lustin.

121 4257 220 4318 Mart.
241 4255 374 4336 Apolog.
398 4255 421 4317 t.
444 4275 477 4334 p.
498 4254 540 4314 67
562 4253 599 4316 Β.
641 4251 782 4314 Eustath.
804 4250 843 4312 ad
867 4251 960 4312 Hom.
983 4269 1016 4328 p.
1039 4245 1134 4310 1239.
1176 4238 1264 4302 Suid.

121 4379 147 4422 s.
169 4375 201 4421 r.
232 4355 450 4440 ’Aruiposou,
481 4357 612 4441 Moipor.
657 4354 722 4424 Cic.
743 4353 781 4416 da
803 4350 951 4428 offictt,
973 4353 1025 4413 29.
1067 4343 1263 4428 spanhem.

122 4461 162 4524 sd
190 4461 353 4544 Aristoph.
381 4462 460 4525 lien.
482 4464 556 4524 102.
599 4459 784 4522 Valckcn.
813 4455 852 4520 sd
877 4454 986 4538 Eurip.
1007 4451 1173 4536 Hippolyt.
1196 4447 1262 4511 l.l.
