<?xml version="1.0" encoding="UTF-8"?>
<!DOCTYPE html PUBLIC "-//W3C//DTD XHTML 1.0 Transitional//EN"
    "http://www.w3.org/TR/xhtml1/DTD/xhtml1-transitional.dtd">
<html xmlns="http://www.w3.org/1999/xhtml" xml:lang="en" lang="en">
 <head>
  <title>
</title>
<meta http-equiv="Content-Type" content="text/html;charset=utf-8" />
  <meta name='ocr-system' content='tesseract 3.04.00' />
  <meta name='ocr-capabilities' content='ocr_page ocr_carea ocr_par ocr_line ocrx_word'/>
</head>
<body>
  <div class='ocr_page' id='page_1' title='image "./historiacritica01kaysgoog_0144.png"; bbox 0 0 3086 4992; ppageno 0'>
   <div class='ocr_carea' id='block_1_1' title="bbox 802 321 875 392">
    <p class='ocr_par' dir='ltr' id='par_1_1' title="bbox 802 321 875 392">
     <span class='ocr_line' id='line_1_1' title="bbox 802 321 875 392; baseline -0.027 0"><span class='ocrx_word' id='word_1_1' title='bbox 802 321 875 392; x_wconf 76' lang='lat'><strong>102</strong></span> 
     </span>
    </p>
   </div>
   <div class='ocr_carea' id='block_1_2' title="bbox 256 501 1417 3990">
    <p class='ocr_par' dir='ltr' id='par_1_2' title="bbox 267 501 1417 1705">
     <span class='ocr_line' id='line_1_2' title="bbox 268 501 1415 596; baseline -0.012 -16"><span class='ocrx_word' id='word_1_2' title='bbox 268 529 304 580; x_wconf 91' lang='lat' dir='ltr'><strong>ut</strong></span> <span class='ocrx_word' id='word_1_3' title='bbox 324 517 410 593; x_wconf 90' lang='lat' dir='ltr'><strong>deus,</strong></span> <span class='ocrx_word' id='word_1_4' title='bbox 432 512 503 596; x_wconf 86' lang='lat' dir='ltr'><strong>quis</strong></span> <span class='ocrx_word' id='word_1_5' title='bbox 524 521 613 589; x_wconf 85' lang='lat' dir='ltr'><strong>eseet,</strong></span> <span class='ocrx_word' id='word_1_6' title='bbox 633 511 747 588; x_wconf 87' lang='lat' dir='ltr'><strong>celans,</strong></span> <span class='ocrx_word' id='word_1_7' title='bbox 767 519 969 589; x_wconf 76' lang='lat' dir='ltr'><strong>extorqueret</strong></span> <span class='ocrx_word' id='word_1_8' title='bbox 984 501 1165 568; x_wconf 69' lang='lat' dir='ltr'><strong>matricidae</strong></span> <span class='ocrx_word' id='word_1_9' title='bbox 1184 503 1415 568; x_wconf 77' lang='lat' dir='ltr'><strong>confessionem</strong></span> 
     </span>
     <span class='ocr_line' id='line_1_3' title="bbox 267 605 1415 681; baseline -0.01 -1"><span class='ocrx_word' id='word_1_10' title='bbox 267 614 436 681; x_wconf 77' lang='lat' dir='ltr'><strong>facinoris?</strong></span> <span class='ocrx_word' id='word_1_11' title='bbox 479 614 520 677; x_wconf 90' lang='lat' dir='ltr'><strong>Et</strong></span> <span class='ocrx_word' id='word_1_12' title='bbox 541 634 631 676; x_wconf 82' lang='lat' dir='ltr'><strong>usum</strong></span> <span class='ocrx_word' id='word_1_13' title='bbox 652 611 816 676; x_wconf 88' lang='lat' dir='ltr'><strong>insolentis</strong></span> <span class='ocrx_word' id='word_1_14' title='bbox 837 610 922 672; x_wconf 90' lang='lat' dir='ltr'><strong>illius</strong></span> <span class='ocrx_word' id='word_1_15' title='bbox 944 608 1080 669; x_wconf 89' lang='lat' dir='ltr'><strong>nominis</strong></span> <span class='ocrx_word' id='word_1_16' title='bbox 1098 605 1227 681; x_wconf 74' lang='grc' dir='ltr'><strong><em>Ἤλιος</em></strong></span> <span class='ocrx_word' id='word_1_17' title='bbox 1247 610 1286 670; x_wconf 86' lang='lat' dir='ltr'><strong>ab</strong></span> <span class='ocrx_word' id='word_1_18' title='bbox 1309 620 1415 670; x_wconf 92' lang='lat' dir='ltr'><strong>osten·</strong></span> 
     </span>
     <span class='ocr_line' id='line_1_4' title="bbox 267 706 1417 801; baseline -0.01 -17"><span class='ocrx_word' id='word_1_19' title='bbox 267 721 387 784; x_wconf 90' lang='lat' dir='ltr'><strong>tatione</strong></span> <span class='ocrx_word' id='word_1_20' title='bbox 409 718 552 782; x_wconf 84' lang='lat' dir='ltr'><strong>duxerim</strong></span> <span class='ocrx_word' id='word_1_21' title='bbox 570 715 607 801; x_wconf 84' lang='grc'><strong>1).</strong></span> <span class='ocrx_word' id='word_1_22' title='bbox 650 713 713 792; x_wconf 85' lang='lat' dir='ltr'><strong>Qui</strong></span> <span class='ocrx_word' id='word_1_23' title='bbox 737 733 813 778; x_wconf 81' lang='lat' dir='ltr'><strong>vero</strong></span> <span class='ocrx_word' id='word_1_24' title='bbox 841 714 874 774; x_wconf 91' lang='lat' dir='ltr'><strong>in</strong></span> <span class='ocrx_word' id='word_1_25' title='bbox 903 713 1013 787; x_wconf 87' lang='lat' dir='ltr'><strong>rebus,</strong></span> <span class='ocrx_word' id='word_1_26' title='bbox 1042 729 1123 792; x_wconf 88' lang='lat' dir='ltr'><strong>quae</strong></span> <span class='ocrx_word' id='word_1_27' title='bbox 1151 706 1192 770; x_wconf 90' lang='lat' dir='ltr'><strong>ad</strong></span> <span class='ocrx_word' id='word_1_28' title='bbox 1218 711 1417 790; x_wconf 79' lang='lat' dir='ltr'>religionem,</span> 
     </span>
     <span class='ocr_line' id='line_1_5' title="bbox 268 809 1417 906; baseline -0.008 -21"><span class='ocrx_word' id='word_1_29' title='bbox 268 845 410 906; x_wconf 88' lang='lat' dir='ltr'><strong>quaeque</strong></span> <span class='ocrx_word' id='word_1_30' title='bbox 436 822 475 886; x_wconf 87' lang='lat' dir='ltr'><strong>ad</strong></span> <span class='ocrx_word' id='word_1_31' title='bbox 497 819 615 882; x_wconf 92' lang='lat' dir='ltr'><strong>cultum</strong></span> <span class='ocrx_word' id='word_1_32' title='bbox 639 817 769 881; x_wconf 91' lang='lat' dir='ltr'><strong>deorum</strong></span> <span class='ocrx_word' id='word_1_33' title='bbox 797 817 973 898; x_wconf 88' lang='lat' dir='ltr'><strong>pertinent,</strong></span> <span class='ocrx_word' id='word_1_34' title='bbox 1005 809 1213 892; x_wconf 82' lang='lat' dir='ltr'><strong>significandis</strong></span> <span class='ocrx_word' id='word_1_35' title='bbox 1242 814 1417 878; x_wconf 75' lang='lat' dir='ltr'><strong>insolenter</strong></span> 
     </span>
     <span class='ocr_line' id='line_1_6' title="bbox 268 915 1417 1006; baseline -0.007 -20"><span class='ocrx_word' id='word_1_36' title='bbox 268 947 303 986; x_wconf 88' lang='lat' dir='ltr'><strong>ac</strong></span> <span class='ocrx_word' id='word_1_37' title='bbox 321 945 379 1006; x_wconf 91' lang='lat' dir='ltr'><strong>pra</strong></span> <span class='ocrx_word' id='word_1_38' title='bbox 402 945 458 986; x_wconf 91' lang='lat' dir='ltr'><strong>suo</strong></span> <span class='ocrx_word' id='word_1_39' title='bbox 479 924 611 985; x_wconf 89' lang='lat' dir='ltr'><strong>arbitrio</strong></span> <span class='ocrx_word' id='word_1_40' title='bbox 629 921 789 998; x_wconf 75' lang='lat' dir='ltr'><strong>ludebant,</strong></span> <span class='ocrx_word' id='word_1_41' title='bbox 808 920 939 981; x_wconf 86' lang='lat' dir='ltr'><strong>usitatas</strong></span> <span class='ocrx_word' id='word_1_42' title='bbox 960 927 1185 997; x_wconf 83' lang='lat' dir='ltr'><strong>perceptasque</strong></span> <span class='ocrx_word' id='word_1_43' title='bbox 1205 915 1337 991; x_wconf 74' lang='lat' dir='ltr'><strong>dcumm</strong></span> <span class='ocrx_word' id='word_1_44' title='bbox 1359 935 1417 978; x_wconf 90' lang='lat' dir='ltr'><strong>no·</strong></span> 
     </span>
     <span class='ocr_line' id='line_1_7' title="bbox 268 1019 1415 1109; baseline -0.006 -21"><span class='ocrx_word' id='word_1_45' title='bbox 268 1029 369 1089; x_wconf 90' lang='lat' dir='ltr'><strong>tiones</strong></span> <span class='ocrx_word' id='word_1_46' title='bbox 400 1028 535 1109; x_wconf 87' lang='lat' dir='ltr'><strong>probare</strong></span> <span class='ocrx_word' id='word_1_47' title='bbox 563 1044 627 1087; x_wconf 92' lang='lat' dir='ltr'><strong>non</strong></span> <span class='ocrx_word' id='word_1_48' title='bbox 658 1033 814 1106; x_wconf 88' lang='lat' dir='ltr'><strong>poterant.</strong></span> <span class='ocrx_word' id='word_1_49' title='bbox 858 1019 1062 1102; x_wconf 75' lang='lat' dir='ltr'><strong>Quapropter</strong></span> <span class='ocrx_word' id='word_1_50' title='bbox 1083 1019 1166 1080; x_wconf 89' lang='lat' dir='ltr'><strong>bunc</strong></span> <span class='ocrx_word' id='word_1_51' title='bbox 1186 1019 1219 1080; x_wconf 91' lang='lat' dir='ltr'><strong>in</strong></span> <span class='ocrx_word' id='word_1_52' title='bbox 1242 1020 1415 1082; x_wconf 82' lang='lat' dir='ltr'><strong>mutatione</strong></span> 
     </span>
     <span class='ocr_line' id='line_1_8' title="bbox 269 1120 1414 1212; baseline -0.004 -22"><span class='ocrx_word' id='word_1_53' title='bbox 269 1132 453 1209; x_wconf 82' lang='lat' dir='ltr'><strong>fabularum,</strong></span> <span class='ocrx_word' id='word_1_54' title='bbox 475 1151 553 1212; x_wconf 88' lang='lat' dir='ltr'><strong>quas</strong></span> <span class='ocrx_word' id='word_1_55' title='bbox 574 1129 704 1206; x_wconf 86' lang='lat' dir='ltr'><strong>subjecit</strong></span> <span class='ocrx_word' id='word_1_56' title='bbox 724 1125 902 1208; x_wconf 78' lang='lat' dir='ltr'><strong>tragoediis,</strong></span> <span class='ocrx_word' id='word_1_57' title='bbox 925 1142 988 1186; x_wconf 90' lang='lat' dir='ltr'><strong>non</strong></span> <span class='ocrx_word' id='word_1_58' title='bbox 1010 1121 1103 1183; x_wconf 90' lang='lat' dir='ltr'><strong>nimis</strong></span> <span class='ocrx_word' id='word_1_59' title='bbox 1119 1120 1298 1200; x_wconf 79' lang='lat' dir='ltr'><strong>religiosum</strong></span> <span class='ocrx_word' id='word_1_60' title='bbox 1320 1124 1414 1185; x_wconf 85' lang='lat' dir='ltr'><strong>fuisse</strong></span> 
     </span>
     <span class='ocr_line' id='line_1_9' title="bbox 268 1223 1416 1316; baseline -0.01 -20"><span class='ocrx_word' id='word_1_61' title='bbox 268 1233 420 1316; x_wconf 89' lang='lat' dir='ltr'><strong>sequitur.</strong></span> <span class='ocrx_word' id='word_1_62' title='bbox 464 1231 558 1295; x_wconf 90' lang='lat' dir='ltr'><strong>Nunc</strong></span> <span class='ocrx_word' id='word_1_63' title='bbox 579 1253 676 1314; x_wconf 89' lang='lat' dir='ltr'><strong>pauca</strong></span> <span class='ocrx_word' id='word_1_64' title='bbox 698 1231 737 1294; x_wconf 89' lang='lat' dir='ltr'><strong>de</strong></span> <span class='ocrx_word' id='word_1_65' title='bbox 761 1229 932 1292; x_wconf 88' lang='lat' dir='ltr'><strong>moralibus</strong></span> <span class='ocrx_word' id='word_1_66' title='bbox 953 1225 1133 1303; x_wconf 88' lang='lat' dir='ltr'><strong>sententiis,</strong></span> <span class='ocrx_word' id='word_1_67' title='bbox 1152 1223 1192 1286; x_wconf 91' lang='lat' dir='ltr'><strong>de</strong></span> <span class='ocrx_word' id='word_1_68' title='bbox 1212 1223 1319 1286; x_wconf 91' lang='lat' dir='ltr'><strong>indole</strong></span> <span class='ocrx_word' id='word_1_69' title='bbox 1341 1233 1416 1306; x_wconf 74' lang='lat' dir='ltr'><strong>poe:-</strong></span> 
     </span>
     <span class='ocr_line' id='line_1_10' title="bbox 268 1325 1416 1416; baseline -0.006 -19"><span class='ocrx_word' id='word_1_70' title='bbox 268 1335 339 1412; x_wconf 86' lang='lat' dir='ltr'><strong>tica,</strong></span> <span class='ocrx_word' id='word_1_71' title='bbox 363 1335 494 1416; x_wconf 88' lang='lat' dir='ltr'><strong>aliisque</strong></span> <span class='ocrx_word' id='word_1_72' title='bbox 516 1337 611 1397; x_wconf 87' lang='lat' dir='ltr'><strong>rebus</strong></span> <span class='ocrx_word' id='word_1_73' title='bbox 633 1333 789 1396; x_wconf 86' lang='lat' dir='ltr'><strong>monenda</strong></span> <span class='ocrx_word' id='word_1_74' title='bbox 809 1345 893 1411; x_wconf 88' lang='lat' dir='ltr'><strong>sunt,</strong></span> <span class='ocrx_word' id='word_1_75' title='bbox 922 1351 1002 1414; x_wconf 86' lang='lat' dir='ltr'><strong>quae</strong></span> <span class='ocrx_word' id='word_1_76' title='bbox 1024 1329 1057 1391; x_wconf 91' lang='lat' dir='ltr'><strong>in</strong></span> <span class='ocrx_word' id='word_1_77' title='bbox 1079 1329 1168 1410; x_wconf 75' lang='lat' dir='ltr'><strong>potiri</strong></span> <span class='ocrx_word' id='word_1_78' title='bbox 1189 1325 1416 1390; x_wconf 84' lang='lat' dir='ltr'><strong>consideranda</strong></span> 
     </span>
     <span class='ocr_line' id='line_1_11' title="bbox 269 1429 1414 1516; baseline -0.005 -18"><span class='ocrx_word' id='word_1_79' title='bbox 269 1437 398 1498; x_wconf 91' lang='lat' dir='ltr'><strong>omnino</strong></span> <span class='ocrx_word' id='word_1_80' title='bbox 419 1437 534 1516; x_wconf 82' lang='lat' dir='ltr'><strong>respici</strong></span> <span class='ocrx_word' id='word_1_81' title='bbox 554 1438 668 1499; x_wconf 86' lang='lat' dir='ltr'><strong>colent.</strong></span> <span class='ocrx_word' id='word_1_82' title='bbox 711 1437 813 1498; x_wconf 86' lang='lat' dir='ltr'><strong>Docet</strong></span> <span class='ocrx_word' id='word_1_83' title='bbox 835 1435 949 1514; x_wconf 76' lang='lat' dir='ltr'><strong>igitur,</strong></span> <span class='ocrx_word' id='word_1_84' title='bbox 978 1432 1128 1495; x_wconf 83' lang='lat' dir='ltr'><strong>uirtutem</strong></span> <span class='ocrx_word' id='word_1_85' title='bbox 1153 1429 1358 1492; x_wconf 85' lang='lat' dir='ltr'><strong>exercendam</strong></span> <span class='ocrx_word' id='word_1_86' title='bbox 1379 1453 1414 1493; x_wconf 88' lang='lat' dir='ltr'><strong>ac</strong></span> 
     </span>
     <span class='ocr_line' id='line_1_12' title="bbox 268 1533 1415 1620; baseline -0.003 -20"><span class='ocrx_word' id='word_1_87' title='bbox 268 1539 449 1601; x_wconf 81' lang='lat' dir='ltr'><strong>felicitatem</strong></span> <span class='ocrx_word' id='word_1_88' title='bbox 471 1561 490 1600; x_wconf 88' lang='lat' dir='ltr'><strong>a</strong></span> <span class='ocrx_word' id='word_1_89' title='bbox 515 1539 574 1602; x_wconf 88' lang='lat' dir='ltr'><strong>diis</strong></span> <span class='ocrx_word' id='word_1_90' title='bbox 597 1537 803 1620; x_wconf 86' lang='lat' dir='ltr'><strong>expetendam</strong></span> <span class='ocrx_word' id='word_1_91' title='bbox 824 1559 900 1617; x_wconf 89' lang='lat' dir='ltr'><strong>esse,</strong></span> <span class='ocrx_word' id='word_1_92' title='bbox 923 1549 958 1600; x_wconf 92' lang='lat' dir='ltr'><strong>ut</strong></span> <span class='ocrx_word' id='word_1_93' title='bbox 979 1534 1122 1596; x_wconf 81' lang='lat' dir='ltr'><strong>hominen</strong></span> <span class='ocrx_word' id='word_1_94' title='bbox 1146 1545 1177 1594; x_wconf 92' lang='lat' dir='ltr'><strong>et</strong></span> <span class='ocrx_word' id='word_1_95' title='bbox 1198 1533 1274 1595; x_wconf 89' lang='lat' dir='ltr'><strong>boni</strong></span> <span class='ocrx_word' id='word_1_96' title='bbox 1295 1546 1327 1597; x_wconf 91' lang='lat' dir='ltr'><strong>et</strong></span> <span class='ocrx_word' id='word_1_97' title='bbox 1350 1534 1415 1596; x_wconf 83' lang='lat' dir='ltr'><strong>lor·</strong></span> 
     </span>
     <span class='ocr_line' id='line_1_13' title="bbox 267 1641 778 1705; baseline 0.002 -3"><span class='ocrx_word' id='word_1_98' title='bbox 267 1643 370 1704; x_wconf 87' lang='lat' dir='ltr'><strong>tanati</strong></span> <span class='ocrx_word' id='word_1_99' title='bbox 394 1641 554 1704; x_wconf 88' lang='lat' dir='ltr'><strong>exsistant.</strong></span> <span class='ocrx_word' id='word_1_100' title='bbox 586 1642 674 1705; x_wconf 87' lang='lat' dir='ltr'><strong>Stab.</strong></span> <span class='ocrx_word' id='word_1_101' title='bbox 697 1645 778 1705; x_wconf 83' lang='lat'>249:</span> 
     </span>
    </p>

    <p class='ocr_par' dir='ltr' id='par_1_3' title="bbox 395 1735 1242 1831">
     <span class='ocr_line' id='line_1_14' title="bbox 395 1735 1242 1831; baseline -0.006 -19"><span class='ocrx_word' id='word_1_102' title='bbox 395 1741 507 1812; x_wconf 72' lang='grc' dir='ltr'><strong><em>ἀσκεῖν</em></strong></span> <span class='ocrx_word' id='word_1_103' title='bbox 530 1747 598 1828; x_wconf 76' lang='grc' dir='ltr'><strong>μὲν</strong></span> <span class='ocrx_word' id='word_1_104' title='bbox 622 1739 763 1831; x_wconf 72' lang='grc' dir='ltr'><strong>ἀρετήν,</strong></span> <span class='ocrx_word' id='word_1_105' title='bbox 787 1735 940 1830; x_wconf 68' lang='grc' dir='ltr'><strong>εὐτυχεῖν</strong></span> <span class='ocrx_word' id='word_1_106' title='bbox 962 1735 991 1807; x_wconf 77' lang='grc' dir='ltr'><strong>δ’</strong></span> <span class='ocrx_word' id='word_1_107' title='bbox 1008 1743 1095 1808; x_wconf 77' lang='grc' dir='ltr'><strong><em>αἴτει</em></strong></span> <span class='ocrx_word' id='word_1_108' title='bbox 1117 1735 1242 1813; x_wconf 74' lang='lat' dir='ltr'><strong>dantis·</strong></span> 
     </span>
    </p>

    <p class='ocr_par' dir='ltr' id='par_1_4' title="bbox 393 1836 1177 1934">
     <span class='ocr_line' id='line_1_15' title="bbox 393 1836 1177 1934; baseline -0.004 -21"><span class='ocrx_word' id='word_1_109' title='bbox 393 1853 478 1934; x_wconf 81' lang='grc' dir='ltr'><em>ἔχων</em></span> <span class='ocrx_word' id='word_1_110' title='bbox 500 1840 565 1932; x_wconf 77' lang='lat' dir='ltr'><strong>yaip</strong></span> <span class='ocrx_word' id='word_1_111' title='bbox 591 1844 694 1930; x_wconf 78' lang='grc' dir='ltr'><em>ἄμφω</em></span> <span class='ocrx_word' id='word_1_112' title='bbox 714 1845 842 1923; x_wconf 72' lang='grc' dir='ltr'><em>ταῦτα,</em></span> <span class='ocrx_word' id='word_1_113' title='bbox 863 1839 1030 1930; x_wconf 73' lang='grc' dir='ltr'><strong>μακάριός</strong></span> <span class='ocrx_word' id='word_1_114' title='bbox 1052 1836 1088 1910; x_wconf 74' lang='grc' dir='ltr'><strong>θ’</strong></span> <span class='ocrx_word' id='word_1_115' title='bbox 1102 1839 1177 1928; x_wconf 78' lang='grc' dir='ltr'><strong>ἅμα</strong></span> 
     </span>
    </p>

    <p class='ocr_par' dir='ltr' id='par_1_5' title="bbox 258 1941 1415 3471">
     <span class='ocr_line' id='line_1_16' title="bbox 394 1941 1090 2034; baseline -0.009 -20"><span class='ocrx_word' id='word_1_116' title='bbox 394 1949 598 2033; x_wconf 72' lang='grc' dir='ltr'><em>κεκλημένος</em></span> <span class='ocrx_word' id='word_1_117' title='bbox 620 1951 700 2032; x_wconf 68' lang='grc' dir='ltr'><strong><em>ζήνῐ,</em></strong></span> <span class='ocrx_word' id='word_1_118' title='bbox 721 1941 876 2034; x_wconf 75' lang='grc' dir='ltr'><strong><em>κάγαθὸς</em></strong></span> <span class='ocrx_word' id='word_1_119' title='bbox 898 1943 1090 2030; x_wconf 74' lang='grc' dir='ltr'><strong>δυνήσεται.</strong></span> 
     </span>
     <span class='ocr_line' id='line_1_17' title="bbox 264 2049 1415 2132; baseline -0.003 -21"><span class='ocrx_word' id='word_1_120' title='bbox 264 2050 345 2111; x_wconf 87' lang='lat' dir='ltr'><strong>Nam</strong></span> <span class='ocrx_word' id='word_1_121' title='bbox 375 2071 445 2111; x_wconf 92' lang='lat' dir='ltr'><strong>cum</strong></span> <span class='ocrx_word' id='word_1_122' title='bbox 469 2063 592 2114; x_wconf 82' lang='lat' dir='ltr'><strong>ueteres</strong></span> <span class='ocrx_word' id='word_1_123' title='bbox 622 2051 656 2110; x_wconf 91' lang='lat' dir='ltr'><strong>in</strong></span> <span class='ocrx_word' id='word_1_124' title='bbox 685 2071 721 2112; x_wconf 87' lang='lat' dir='ltr'><strong>ea</strong></span> <span class='ocrx_word' id='word_1_125' title='bbox 750 2049 934 2132; x_wconf 73' lang='lat' dir='ltr'><strong>quaestione</strong></span> <span class='ocrx_word' id='word_1_126' title='bbox 965 2051 1099 2110; x_wconf 89' lang='lat' dir='ltr'><strong>multum</strong></span> <span class='ocrx_word' id='word_1_127' title='bbox 1127 2059 1345 2125; x_wconf 75' lang='lat' dir='ltr'><strong>versarentur,</strong></span> <span class='ocrx_word' id='word_1_128' title='bbox 1379 2059 1415 2108; x_wconf 91' lang='lat' dir='ltr'><strong>ut</strong></span> 
     </span>
     <span class='ocr_line' id='line_1_18' title="bbox 265 2149 1414 2232; baseline -0.002 -20"><span class='ocrx_word' id='word_1_129' title='bbox 265 2149 486 2232; x_wconf 80' lang='lat' dir='ltr'><strong>disceptarent,</strong></span> <span class='ocrx_word' id='word_1_130' title='bbox 510 2153 611 2215; x_wconf 87' lang='lat' dir='ltr'><strong>virtus</strong></span> <span class='ocrx_word' id='word_1_131' title='bbox 633 2164 741 2214; x_wconf 87' lang='lat' dir='ltr'><strong>utrum</strong></span> <span class='ocrx_word' id='word_1_132' title='bbox 763 2152 898 2228; x_wconf 77' lang='lat' dir='ltr'><strong>addisci,</strong></span> <span class='ocrx_word' id='word_1_133' title='bbox 919 2171 959 2212; x_wconf 92' lang='lat' dir='ltr'><strong>an</strong></span> <span class='ocrx_word' id='word_1_134' title='bbox 982 2171 1040 2214; x_wconf 88' lang='lat' dir='ltr'><strong>usu</strong></span> <span class='ocrx_word' id='word_1_135' title='bbox 1064 2163 1095 2212; x_wconf 91' lang='lat' dir='ltr'><strong>et</strong></span> <span class='ocrx_word' id='word_1_136' title='bbox 1119 2151 1342 2214; x_wconf 83' lang='lat' dir='ltr'><strong>exercitatione</strong></span> <span class='ocrx_word' id='word_1_137' title='bbox 1364 2170 1414 2211; x_wconf 88' lang='lat' dir='ltr'><strong>ac·</strong></span> 
     </span>
     <span class='ocr_line' id='line_1_19' title="bbox 265 2251 1414 2335; baseline 0.003 -22"><span class='ocrx_word' id='word_1_138' title='bbox 265 2253 351 2335; x_wconf 90' lang='lat' dir='ltr'><strong>quiri</strong></span> <span class='ocrx_word' id='word_1_139' title='bbox 381 2252 528 2332; x_wconf 90' lang='lat' dir='ltr'><strong>deberet,</strong></span> <span class='ocrx_word' id='word_1_140' title='bbox 560 2255 651 2316; x_wconf 87' lang='lat' dir='ltr'><strong>Plato</strong></span> <span class='ocrx_word' id='word_1_141' title='bbox 674 2257 760 2318; x_wconf 86' lang='lat' dir='ltr'><strong>Men.</strong></span> <span class='ocrx_word' id='word_1_142' title='bbox 783 2255 852 2317; x_wconf 92' lang='lat' dir='ltr'><strong>init.</strong></span> <span class='ocrx_word' id='word_1_143' title='bbox 897 2253 961 2316; x_wconf 88' lang='lat' dir='ltr'><strong>Cic.</strong></span> <span class='ocrx_word' id='word_1_144' title='bbox 983 2251 1021 2314; x_wconf 89' lang='lat' dir='ltr'><strong>de</strong></span> <span class='ocrx_word' id='word_1_145' title='bbox 1043 2255 1123 2334; x_wconf 88' lang='lat' dir='ltr'><strong>Rep.</strong></span> <span class='ocrx_word' id='word_1_146' title='bbox 1143 2255 1167 2332; x_wconf 95' lang='lat' dir='ltr'><strong>l,</strong></span> <span class='ocrx_word' id='word_1_147' title='bbox 1188 2258 1208 2316; x_wconf 78' lang='lat'><strong>2</strong></span> <span class='ocrx_word' id='word_1_148' title='bbox 1230 2265 1307 2332; x_wconf 77' lang='lat' dir='ltr'><strong>eta,</strong></span> <span class='ocrx_word' id='word_1_149' title='bbox 1337 2253 1414 2316; x_wconf 87' lang='lat' dir='ltr'><strong>Car·</strong></span> 
     </span>
     <span class='ocr_line' id='line_1_20' title="bbox 265 2355 1413 2441; baseline 0.002 -25"><span class='ocrx_word' id='word_1_150' title='bbox 265 2355 352 2418; x_wconf 86' lang='lat' dir='ltr'><strong>cinus</strong></span> <span class='ocrx_word' id='word_1_151' title='bbox 374 2356 630 2420; x_wconf 76' lang='lat' dir='ltr'><strong>exercitationem</strong></span> <span class='ocrx_word' id='word_1_152' title='bbox 654 2360 770 2439; x_wconf 81' lang='lat' dir='ltr'><strong>magis,</strong></span> <span class='ocrx_word' id='word_1_153' title='bbox 790 2379 887 2441; x_wconf 86' lang='lat' dir='ltr'><strong>quam</strong></span> <span class='ocrx_word' id='word_1_154' title='bbox 905 2357 1080 2421; x_wconf 88' lang='lat' dir='ltr'><strong>doctrinam</strong></span> <span class='ocrx_word' id='word_1_155' title='bbox 1100 2357 1141 2420; x_wconf 80' lang='lat' dir='ltr'><strong>ad</strong></span> <span class='ocrx_word' id='word_1_156' title='bbox 1163 2378 1231 2419; x_wconf 87' lang='lat' dir='ltr'><strong>enm</strong></span> <span class='ocrx_word' id='word_1_157' title='bbox 1251 2357 1413 2439; x_wconf 86' lang='lat' dir='ltr'><strong>pertinere</strong></span> 
     </span>
     <span class='ocr_line' id='line_1_21' title="bbox 263 2459 1412 2542; baseline 0.002 -22"><span class='ocrx_word' id='word_1_158' title='bbox 263 2460 398 2538; x_wconf 83' lang='lat' dir='ltr'><strong>putauit.</strong></span> <span class='ocrx_word' id='word_1_159' title='bbox 441 2460 549 2542; x_wconf 86' lang='lat' dir='ltr'><strong>Itaque</strong></span> <span class='ocrx_word' id='word_1_160' title='bbox 571 2461 627 2523; x_wconf 91' lang='lat' dir='ltr'><strong>tali</strong></span> <span class='ocrx_word' id='word_1_161' title='bbox 649 2459 743 2523; x_wconf 89' lang='lat' dir='ltr'><strong>modo</strong></span> <span class='ocrx_word' id='word_1_162' title='bbox 765 2459 911 2526; x_wconf 85' lang='lat' dir='ltr'><strong>dissensit</strong></span> <span class='ocrx_word' id='word_1_163' title='bbox 931 2482 951 2522; x_wconf 88' lang='lat' dir='ltr'><strong>a</strong></span> <span class='ocrx_word' id='word_1_164' title='bbox 972 2460 1095 2524; x_wconf 85' lang='lat' dir='ltr'><strong>Stoicis.</strong></span> <span class='ocrx_word' id='word_1_165' title='bbox 1145 2460 1279 2541; x_wconf 76' lang='lat' dir='ltr'><strong>Diogen.</strong></span> <span class='ocrx_word' id='word_1_166' title='bbox 1300 2461 1337 2524; x_wconf 87' lang='lat' dir='ltr'><strong>L.</strong></span> <span class='ocrx_word' id='word_1_167' title='bbox 1355 2461 1412 2536; x_wconf 91' lang='lat' dir='ltr'><strong>Vl,</strong></span> 
     </span>
     <span class='ocr_line' id='line_1_22' title="bbox 265 2560 1412 2639; baseline 0.003 -18"><span class='ocrx_word' id='word_1_168' title='bbox 265 2565 294 2637; x_wconf 89' lang='grc'><strong>1,</strong></span> <span class='ocrx_word' id='word_1_169' title='bbox 317 2564 348 2622; x_wconf 83' lang='grc'><strong>5.</strong></span> <span class='ocrx_word' id='word_1_170' title='bbox 390 2560 468 2622; x_wconf 86' lang='lat' dir='ltr'><strong>ibid.</strong></span> <span class='ocrx_word' id='word_1_171' title='bbox 491 2565 521 2639; x_wconf 89' lang='lat'><strong>9,</strong></span> <span class='ocrx_word' id='word_1_172' title='bbox 545 2566 576 2624; x_wconf 87' lang='grc'><strong>3.</strong></span> <span class='ocrx_word' id='word_1_173' title='bbox 619 2565 720 2632; x_wconf 84' lang='lat' dir='ltr'><strong>Porro</strong></span> <span class='ocrx_word' id='word_1_174' title='bbox 752 2564 909 2626; x_wconf 84' lang='lat' dir='ltr'><strong>felicitatis</strong></span> <span class='ocrx_word' id='word_1_175' title='bbox 938 2565 1057 2626; x_wconf 79' lang='lat' dir='ltr'><strong>[cartem</strong></span> <span class='ocrx_word' id='word_1_176' title='bbox 1089 2583 1152 2626; x_wconf 89' lang='lat' dir='ltr'><strong>non</strong></span> <span class='ocrx_word' id='word_1_177' title='bbox 1178 2563 1287 2627; x_wconf 87' lang='lat' dir='ltr'><strong>habuit</strong></span> <span class='ocrx_word' id='word_1_178' title='bbox 1313 2565 1412 2624; x_wconf 85' lang='lat' dir='ltr'><strong>solam</strong></span> 
     </span>
     <span class='ocr_line' id='line_1_23' title="bbox 263 2663 1410 2744; baseline 0 -18"><span class='ocrx_word' id='word_1_179' title='bbox 263 2663 423 2741; x_wconf 80' lang='lat' dir='ltr'><strong>uirtutem,</strong></span> <span class='ocrx_word' id='word_1_180' title='bbox 444 2685 524 2744; x_wconf 85' lang='lat' dir='ltr'><strong>quac</strong></span> <span class='ocrx_word' id='word_1_181' title='bbox 545 2664 607 2744; x_wconf 88' lang='lat' dir='ltr'><strong>ipsi</strong></span> <span class='ocrx_word' id='word_1_182' title='bbox 628 2664 746 2729; x_wconf 90' lang='lat' dir='ltr'><strong>donum</strong></span> <span class='ocrx_word' id='word_1_183' title='bbox 768 2667 899 2730; x_wconf 87' lang='lat' dir='ltr'><strong>deorum</strong></span> <span class='ocrx_word' id='word_1_184' title='bbox 921 2688 987 2730; x_wconf 90' lang='lat' dir='ltr'><strong>esse</strong></span> <span class='ocrx_word' id='word_1_185' title='bbox 1008 2666 1184 2731; x_wconf 86' lang='lat' dir='ltr'><strong>videbatur.</strong></span> <span class='ocrx_word' id='word_1_186' title='bbox 1227 2665 1295 2742; x_wconf 86' lang='lat' dir='ltr'><strong>Qua</strong></span> <span class='ocrx_word' id='word_1_187' title='bbox 1318 2667 1352 2728; x_wconf 93' lang='lat' dir='ltr'><strong>in</strong></span> <span class='ocrx_word' id='word_1_188' title='bbox 1373 2687 1410 2726; x_wconf 86' lang='lat' dir='ltr'><strong>re</strong></span> 
     </span>
     <span class='ocr_line' id='line_1_24' title="bbox 263 2765 1411 2834; baseline 0.002 -8"><span class='ocrx_word' id='word_1_189' title='bbox 263 2767 394 2828; x_wconf 87' lang='lat' dir='ltr'><strong>sortasse</strong></span> <span class='ocrx_word' id='word_1_190' title='bbox 415 2767 579 2832; x_wconf 85' lang='lat' dir='ltr'><strong>Platonem</strong></span> <span class='ocrx_word' id='word_1_191' title='bbox 604 2782 727 2832; x_wconf 85' lang='lat' dir='ltr'><strong>secutus</strong></span> <span class='ocrx_word' id='word_1_192' title='bbox 750 2791 819 2832; x_wconf 89' lang='lat' dir='ltr'><strong>cum</strong></span> <span class='ocrx_word' id='word_1_193' title='bbox 850 2769 991 2832; x_wconf 88' lang='lat' dir='ltr'><strong>crederet</strong></span> <span class='ocrx_word' id='word_1_194' title='bbox 1019 2769 1170 2834; x_wconf 87' lang='lat' dir='ltr'><strong>virtutem</strong></span> <span class='ocrx_word' id='word_1_195' title='bbox 1200 2767 1340 2833; x_wconf 83' lang='lat' dir='ltr'><strong>sufficere</strong></span> <span class='ocrx_word' id='word_1_196' title='bbox 1368 2765 1411 2828; x_wconf 90' lang='lat' dir='ltr'><strong>ad</strong></span> 
     </span>
     <span class='ocr_line' id='line_1_25' title="bbox 263 2870 1411 2956; baseline 0.003 -27"><span class='ocrx_word' id='word_1_197' title='bbox 263 2870 341 2929; x_wconf 88' lang='lat' dir='ltr'><strong>bene</strong></span> <span class='ocrx_word' id='word_1_198' title='bbox 363 2870 515 2949; x_wconf 80' lang='lat' dir='ltr'><strong>beateque</strong></span> <span class='ocrx_word' id='word_1_199' title='bbox 535 2870 723 2950; x_wconf 79' lang='lat' dir='ltr'><strong>vivendum,</strong></span> <span class='ocrx_word' id='word_1_200' title='bbox 757 2873 984 2950; x_wconf 86' lang='lat' dir='ltr'><strong>instrumenta,</strong></span> <span class='ocrx_word' id='word_1_201' title='bbox 1015 2874 1130 2956; x_wconf 84' lang='lat' dir='ltr'><strong>quibua</strong></span> <span class='ocrx_word' id='word_1_202' title='bbox 1153 2872 1251 2936; x_wconf 89' lang='lat' dir='ltr'><strong>virtus</strong></span> <span class='ocrx_word' id='word_1_203' title='bbox 1275 2871 1411 2933; x_wconf 91' lang='lat' dir='ltr'><strong>multum</strong></span> 
     </span>
     <span class='ocr_line' id='line_1_26' title="bbox 261 2971 1412 3060; baseline 0.004 -29"><span class='ocrx_word' id='word_1_204' title='bbox 261 2971 438 3047; x_wconf 88' lang='lat' dir='ltr'><strong>adjuvatur,</strong></span> <span class='ocrx_word' id='word_1_205' title='bbox 460 2983 494 3032; x_wconf 91' lang='lat' dir='ltr'><strong>ut</strong></span> <span class='ocrx_word' id='word_1_206' title='bbox 516 2975 624 3052; x_wconf 89' lang='lat' dir='ltr'><strong>robur,</strong></span> <span class='ocrx_word' id='word_1_207' title='bbox 645 2976 820 3052; x_wconf 84' lang='lat' dir='ltr'><strong>sanitatem,</strong></span> <span class='ocrx_word' id='word_1_208' title='bbox 840 2997 1050 3060; x_wconf 74' lang='lat' dir='ltr'><strong>senatuumque</strong></span> <span class='ocrx_word' id='word_1_209' title='bbox 1070 2977 1292 3057; x_wconf 85' lang='lat' dir='ltr'><strong>integritatem,</strong></span> <span class='ocrx_word' id='word_1_210' title='bbox 1316 2997 1335 3036; x_wconf 86' lang='lat' dir='ltr'><strong>a</strong></span> <span class='ocrx_word' id='word_1_211' title='bbox 1351 2975 1412 3038; x_wconf 91' lang='lat' dir='ltr'><strong>diis</strong></span> 
     </span>
     <span class='ocr_line' id='line_1_27' title="bbox 261 3074 1411 3162; baseline 0.005 -28"><span class='ocrx_word' id='word_1_212' title='bbox 261 3074 377 3135; x_wconf 84' lang='lat' dir='ltr'><strong>obnixe</strong></span> <span class='ocrx_word' id='word_1_213' title='bbox 399 3075 579 3155; x_wconf 85' lang='lat' dir='ltr'><strong>petentibus</strong></span> <span class='ocrx_word' id='word_1_214' title='bbox 601 3078 759 3159; x_wconf 88' lang='lat' dir='ltr'><strong>impertiri</strong></span> <span class='ocrx_word' id='word_1_215' title='bbox 781 3077 926 3141; x_wconf 86' lang='lat' dir='ltr'><strong>credidit.</strong></span> <span class='ocrx_word' id='word_1_216' title='bbox 970 3081 1049 3142; x_wconf 83' lang='lat' dir='ltr'><strong>Plat.</strong></span> <span class='ocrx_word' id='word_1_217' title='bbox 1065 3080 1161 3161; x_wconf 83' lang='lat' dir='ltr'><strong>Gorg.</strong></span> <span class='ocrx_word' id='word_1_218' title='bbox 1183 3103 1215 3162; x_wconf 89' lang='lat' dir='ltr'><strong>p.</strong></span> <span class='ocrx_word' id='word_1_219' title='bbox 1228 3082 1305 3144; x_wconf 76' lang='lat'><strong>470.</strong></span> <span class='ocrx_word' id='word_1_220' title='bbox 1331 3079 1411 3140; x_wconf 85' lang='lat' dir='ltr'><strong>Dia·</strong></span> 
     </span>
     <span class='ocr_line' id='line_1_28' title="bbox 260 3179 1409 3259; baseline 0.004 -20"><span class='ocrx_word' id='word_1_221' title='bbox 260 3199 329 3257; x_wconf 84' lang='lat' dir='ltr'><strong>gen.</strong></span> <span class='ocrx_word' id='word_1_222' title='bbox 351 3179 387 3239; x_wconf 93' lang='lat' dir='ltr'><strong>L.</strong></span> <span class='ocrx_word' id='word_1_223' title='bbox 404 3179 455 3256; x_wconf 94' lang='lat' dir='ltr'><strong>lll,</strong></span> <span class='ocrx_word' id='word_1_224' title='bbox 479 3181 530 3241; x_wconf 78' lang='lat'><strong>72.</strong></span> <span class='ocrx_word' id='word_1_225' title='bbox 575 3179 666 3256; x_wconf 89' lang='lat' dir='ltr'><strong>Quod</strong></span> <span class='ocrx_word' id='word_1_226' title='bbox 690 3183 850 3244; x_wconf 86' lang='lat' dir='ltr'><strong>silentium</strong></span> <span class='ocrx_word' id='word_1_227' title='bbox 873 3181 998 3259; x_wconf 85' lang='lat' dir='ltr'><strong>laudat,</strong></span> <span class='ocrx_word' id='word_1_228' title='bbox 1022 3184 1110 3247; x_wconf 88' lang='lat' dir='ltr'><strong>Stob.</strong></span> <span class='ocrx_word' id='word_1_229' title='bbox 1131 3183 1231 3246; x_wconf 87' lang='lat' dir='ltr'><strong>Serm.</strong></span> <span class='ocrx_word' id='word_1_230' title='bbox 1254 3185 1326 3258; x_wconf 76' lang='lat' dir='ltr'><strong>tau,</strong></span> <span class='ocrx_word' id='word_1_231' title='bbox 1346 3183 1409 3244; x_wconf 85' lang='lat' dir='ltr'><strong>late</strong></span> 
     </span>
     <span class='ocr_line' id='line_1_29' title="bbox 259 3281 1410 3370; baseline 0.003 -27"><span class='ocrx_word' id='word_1_232' title='bbox 259 3292 355 3360; x_wconf 87' lang='lat' dir='ltr'><strong>patet.</strong></span> <span class='ocrx_word' id='word_1_233' title='bbox 398 3281 589 3344; x_wconf 84' lang='lat' dir='ltr'><strong>Exsecratur</strong></span> <span class='ocrx_word' id='word_1_234' title='bbox 609 3283 744 3362; x_wconf 87' lang='lat' dir='ltr'><strong>divitias,</strong></span> <span class='ocrx_word' id='word_1_235' title='bbox 766 3284 855 3346; x_wconf 84' lang='lat' dir='ltr'><strong>Stob.</strong></span> <span class='ocrx_word' id='word_1_236' title='bbox 877 3284 977 3346; x_wconf 81' lang='lat' dir='ltr'><strong>Serus.</strong></span> <span class='ocrx_word' id='word_1_237' title='bbox 997 3289 1078 3365; x_wconf 77' lang='lat'><strong>2333</strong></span> <span class='ocrx_word' id='word_1_238' title='bbox 1100 3286 1196 3370; x_wconf 88' lang='lat' dir='ltr'><strong>idque</strong></span> <span class='ocrx_word' id='word_1_239' title='bbox 1212 3288 1256 3350; x_wconf 90' lang='lat' dir='ltr'><strong>ait</strong></span> <span class='ocrx_word' id='word_1_240' title='bbox 1272 3284 1410 3348; x_wconf 84' lang='lat' dir='ltr'><strong>inuidiae</strong></span> 
     </span>
     <span class='ocr_line' id='line_1_30' title="bbox 258 3383 1411 3471; baseline 0.008 -30"><span class='ocrx_word' id='word_1_241' title='bbox 258 3383 424 3461; x_wconf 88' lang='lat' dir='ltr'><strong>proprium</strong></span> <span class='ocrx_word' id='word_1_242' title='bbox 447 3403 523 3459; x_wconf 84' lang='lat' dir='ltr'><strong>esse,</strong></span> <span class='ocrx_word' id='word_1_243' title='bbox 546 3396 581 3445; x_wconf 91' lang='lat' dir='ltr'><strong>ut</strong></span> <span class='ocrx_word' id='word_1_244' title='bbox 604 3387 720 3446; x_wconf 88' lang='lat' dir='ltr'><strong>bonum</strong></span> <span class='ocrx_word' id='word_1_245' title='bbox 739 3386 897 3448; x_wconf 86' lang='lat' dir='ltr'><strong>molestias</strong></span> <span class='ocrx_word' id='word_1_246' title='bbox 912 3388 1023 3450; x_wconf 80' lang='lat' dir='ltr'><strong>afferat</strong></span> <span class='ocrx_word' id='word_1_247' title='bbox 1036 3390 1227 3471; x_wconf 79' lang='lat' dir='ltr'><strong>possessori.</strong></span> <span class='ocrx_word' id='word_1_248' title='bbox 1241 3389 1320 3452; x_wconf 88' lang='lat' dir='ltr'><strong>ibid.</strong></span> <span class='ocrx_word' id='word_1_249' title='bbox 1336 3391 1411 3452; x_wconf 85' lang='grc'><strong>139.</strong></span> 
     </span>
    </p>

    <p class='ocr_par' dir='ltr' id='par_1_6' title="bbox 345 3484 1411 3575">
     <span class='ocr_line' id='line_1_31' title="bbox 345 3484 1411 3575; baseline 0.008 -30"><span class='ocrx_word' id='word_1_250' title='bbox 345 3484 412 3546; x_wconf 92' lang='lat' dir='ltr'><strong>Nec</strong></span> <span class='ocrx_word' id='word_1_251' title='bbox 438 3504 488 3545; x_wconf 85' lang='lat' dir='ltr'><strong>res</strong></span> <span class='ocrx_word' id='word_1_252' title='bbox 515 3485 547 3544; x_wconf 93' lang='lat' dir='ltr'><strong>in</strong></span> <span class='ocrx_word' id='word_1_253' title='bbox 571 3485 684 3548; x_wconf 78' lang='lat' dir='ltr'><strong>fabulis</strong></span> <span class='ocrx_word' id='word_1_254' title='bbox 706 3487 751 3550; x_wconf 91' lang='lat' dir='ltr'><strong>ita</strong></span> <span class='ocrx_word' id='word_1_255' title='bbox 774 3491 964 3569; x_wconf 84' lang='lat' dir='ltr'><strong>composuit,</strong></span> <span class='ocrx_word' id='word_1_256' title='bbox 994 3505 1027 3554; x_wconf 91' lang='lat' dir='ltr'><strong>ut</strong></span> <span class='ocrx_word' id='word_1_257' title='bbox 1049 3495 1132 3556; x_wconf 88' lang='lat' dir='ltr'><strong>ratio</strong></span> <span class='ocrx_word' id='word_1_258' title='bbox 1153 3493 1311 3575; x_wconf 81' lang='lat' dir='ltr'><strong>perlectae</strong></span> <span class='ocrx_word' id='word_1_259' title='bbox 1333 3491 1411 3554; x_wconf 89' lang='lat' dir='ltr'><strong>artis</strong></span> 
     </span>
    </p>

    <p class='ocr_par' dir='ltr' id='par_1_7' title="bbox 256 3585 1413 3990">
     <span class='ocr_line' id='line_1_32' title="bbox 259 3585 1411 3668; baseline 0.008 -21"><span class='ocrx_word' id='word_1_260' title='bbox 259 3587 366 3667; x_wconf 79' lang='lat' dir='ltr'><strong>exigit.</strong></span> <span class='ocrx_word' id='word_1_261' title='bbox 409 3585 504 3668; x_wconf 86' lang='lat' dir='ltr'><strong>Quod</strong></span> <span class='ocrx_word' id='word_1_262' title='bbox 525 3609 564 3650; x_wconf 87' lang='lat' dir='ltr'><strong>ex</strong></span> <span class='ocrx_word' id='word_1_263' title='bbox 587 3590 746 3656; x_wconf 88' lang='lat' dir='ltr'><strong>nonnullis</strong></span> <span class='ocrx_word' id='word_1_264' title='bbox 767 3590 890 3656; x_wconf 88' lang='lat' dir='ltr'><strong>indiciis</strong></span> <span class='ocrx_word' id='word_1_265' title='bbox 913 3597 1028 3658; x_wconf 89' lang='lat' dir='ltr'><strong>clarum</strong></span> <span class='ocrx_word' id='word_1_266' title='bbox 1051 3608 1107 3658; x_wconf 82' lang='lat' dir='ltr'><strong>est.</strong></span> <span class='ocrx_word' id='word_1_267' title='bbox 1155 3597 1236 3658; x_wconf 87' lang='lat' dir='ltr'><strong>Nam</strong></span> <span class='ocrx_word' id='word_1_268' title='bbox 1253 3596 1411 3658; x_wconf 85' lang='lat' dir='ltr'><strong>Aristote-</strong></span> 
     </span>
     <span class='ocr_line' id='line_1_33' title="bbox 257 3689 1410 3781; baseline 0.01 -30"><span class='ocrx_word' id='word_1_269' title='bbox 257 3693 311 3767; x_wconf 88' lang='lat' dir='ltr'><strong>les,</strong></span> <span class='ocrx_word' id='word_1_270' title='bbox 342 3711 412 3752; x_wconf 90' lang='lat' dir='ltr'><strong>cum</strong></span> <span class='ocrx_word' id='word_1_271' title='bbox 433 3689 473 3762; x_wconf 85' lang='lat' dir='ltr'><strong>de</strong></span> <span class='ocrx_word' id='word_1_272' title='bbox 495 3691 591 3754; x_wconf 76' lang='lat' dir='ltr'><strong>variis</strong></span> <span class='ocrx_word' id='word_1_273' title='bbox 611 3693 806 3770; x_wconf 81' lang='lat' dir='ltr'><strong>agnitionum</strong></span> <span class='ocrx_word' id='word_1_274' title='bbox 828 3698 993 3774; x_wconf 82' lang='lat' dir='ltr'><strong>generibus</strong></span> <span class='ocrx_word' id='word_1_275' title='bbox 1009 3711 1094 3778; x_wconf 69' lang='lat' dir='ltr'><strong>¹ngat,</strong></span> <span class='ocrx_word' id='word_1_276' title='bbox 1118 3718 1280 3781; x_wconf 86' lang='lat' dir='ltr'><strong>unumque</strong></span> <span class='ocrx_word' id='word_1_277' title='bbox 1299 3718 1410 3762; x_wconf 86' lang='lat' dir='ltr'><strong>corum</strong></span> 
     </span>
     <span class='ocr_line' id='line_1_34' title="bbox 256 3793 1413 3884; baseline 0.006 -29"><span class='ocrx_word' id='word_1_278' title='bbox 256 3796 299 3856; x_wconf 88' lang='lat' dir='ltr'><strong>sic</strong></span> <span class='ocrx_word' id='word_1_279' title='bbox 318 3794 388 3856; x_wconf 87' lang='lat' dir='ltr'><strong>fieri</strong></span> <span class='ocrx_word' id='word_1_280' title='bbox 410 3793 508 3876; x_wconf 53' lang='lat' dir='ltr'><strong>posse*</strong></span> <span class='ocrx_word' id='word_1_281' title='bbox 521 3796 689 3875; x_wconf 87' lang='lat' dir='ltr'><strong>existimet,</strong></span> <span class='ocrx_word' id='word_1_282' title='bbox 712 3809 746 3862; x_wconf 90' lang='lat' dir='ltr'><strong>ut</strong></span> <span class='ocrx_word' id='word_1_283' title='bbox 767 3802 863 3864; x_wconf 88' lang='lat' dir='ltr'><strong>bomo</strong></span> <span class='ocrx_word' id='word_1_284' title='bbox 881 3823 922 3866; x_wconf 77' lang='lat' dir='ltr'><strong>ex</strong></span> <span class='ocrx_word' id='word_1_285' title='bbox 942 3804 1058 3866; x_wconf 89' lang='lat' dir='ltr'><strong>innatis</strong></span> <span class='ocrx_word' id='word_1_286' title='bbox 1079 3805 1175 3884; x_wconf 86' lang='lat' dir='ltr'><strong>signis</strong></span> <span class='ocrx_word' id='word_1_287' title='bbox 1196 3814 1413 3884; x_wconf 81' lang='lat' dir='ltr'><strong>cognoscatur,</strong></span> 
     </span>
     <span class='ocr_line' id='line_1_35' title="bbox 256 3898 1409 3990; baseline 0.008 -31"><span class='ocrx_word' id='word_1_288' title='bbox 256 3898 393 3979; x_wconf 83' lang='lat' dir='ltr'><strong>exempli</strong></span> <span class='ocrx_word' id='word_1_289' title='bbox 424 3900 524 3978; x_wconf 80' lang='lat' dir='ltr'><strong>gratia</strong></span> <span class='ocrx_word' id='word_1_290' title='bbox 553 3901 693 3965; x_wconf 84' lang='lat' dir='ltr'><strong>nominat</strong></span> <span class='ocrx_word' id='word_1_291' title='bbox 726 3902 911 3982; x_wconf 89' lang='lat' dir='ltr'><strong>Carcinum,</strong></span> <span class='ocrx_word' id='word_1_292' title='bbox 944 3910 1030 3983; x_wconf 84' lang='lat' dir='ltr'><strong>cujus</strong></span> <span class='ocrx_word' id='word_1_293' title='bbox 1060 3908 1214 3990; x_wconf 80' lang='lat' dir='ltr'><strong>Thyestes</strong></span> <span class='ocrx_word' id='word_1_294' title='bbox 1240 3906 1409 3969; x_wconf 75' lang='lat' dir='ltr'><strong>castellis</strong></span> 
     </span>
    </p>
   </div>
   <div class='ocr_carea' id='block_1_3' title="bbox 257 4063 362 4072">
    <p class='ocr_par' dir='ltr' id='par_1_8' title="bbox 257 4063 362 4072">
     <span class='ocr_line' id='line_1_36' title="bbox 257 4063 362 4072; baseline 0.019 -2"><span class='ocrx_word' id='word_1_295' title='bbox 257 4063 307 4071; x_wconf 80' lang='lat'><strong>--....</strong></span> <span class='ocrx_word' id='word_1_296' title='bbox 317 4065 362 4072; x_wconf 66' lang='lat'><strong>...-</strong></span> 
     </span>
    </p>
   </div>
   <div class='ocr_carea' id='block_1_4' title="bbox 254 4155 1409 4416">
    <p class='ocr_par' dir='ltr' id='par_1_9' title="bbox 254 4155 1409 4416">
     <span class='ocr_line' id='line_1_37' title="bbox 325 4155 1409 4238; baseline 0.008 -30"><span class='ocrx_word' id='word_1_297' title='bbox 325 4155 355 4224; x_wconf 89' lang='grc'><strong>1)</strong></span> <span class='ocrx_word' id='word_1_298' title='bbox 373 4157 444 4213; x_wconf 87' lang='lat' dir='ltr'><strong>Haec</strong></span> <span class='ocrx_word' id='word_1_299' title='bbox 469 4161 505 4220; x_wconf 78' lang='lat' dir='ltr'><strong>ita</strong></span> <span class='ocrx_word' id='word_1_300' title='bbox 533 4159 596 4214; x_wconf 88' lang='lat' dir='ltr'><strong>mihi</strong></span> <span class='ocrx_word' id='word_1_301' title='bbox 624 4163 688 4216; x_wconf 90' lang='lat' dir='ltr'><strong>olim</strong></span> <span class='ocrx_word' id='word_1_302' title='bbox 715 4165 743 4217; x_wconf 91' lang='lat' dir='ltr'><strong>in</strong></span> <span class='ocrx_word' id='word_1_303' title='bbox 769 4165 888 4218; x_wconf 88' lang='lat' dir='ltr'><strong>animum</strong></span> <span class='ocrx_word' id='word_1_304' title='bbox 915 4167 1084 4234; x_wconf 79' lang='lat' dir='ltr'><strong>induxeram,</strong></span> <span class='ocrx_word' id='word_1_305' title='bbox 1114 4167 1229 4238; x_wconf 87' lang='lat' dir='ltr'><strong>antiquis</strong></span> <span class='ocrx_word' id='word_1_306' title='bbox 1253 4165 1409 4219; x_wconf 86' lang='lat' dir='ltr'><strong>nominibus</strong></span> 
     </span>
     <span class='ocr_line' id='line_1_38' title="bbox 254 4240 1408 4324; baseline 0.014 -34"><span class='ocrx_word' id='word_1_307' title='bbox 254 4240 325 4306; x_wconf 83' lang='lat' dir='ltr'><strong>dena,</strong></span> <span class='ocrx_word' id='word_1_308' title='bbox 346 4265 501 4319; x_wconf 84' lang='lat' dir='ltr'><strong>quanquam</strong></span> <span class='ocrx_word' id='word_1_309' title='bbox 517 4249 630 4321; x_wconf 78' lang='lat' dir='ltr'><strong>figurale</strong></span> <span class='ocrx_word' id='word_1_310' title='bbox 647 4265 816 4321; x_wconf 82' lang='lat' dir='ltr'><strong>vocarentur,</strong></span> <span class='ocrx_word' id='word_1_311' title='bbox 835 4255 967 4308; x_wconf 85' lang='lat' dir='ltr'><strong>tamenin</strong></span> <span class='ocrx_word' id='word_1_312' title='bbox 987 4275 1095 4310; x_wconf 84' lang='lat' dir='ltr'><strong>scenam</strong></span> <span class='ocrx_word' id='word_1_313' title='bbox 1114 4275 1170 4308; x_wconf 89' lang='lat' dir='ltr'><strong>non</strong></span> <span class='ocrx_word' id='word_1_314' title='bbox 1189 4253 1311 4308; x_wconf 85' lang='lat' dir='ltr'><strong>itabens</strong></span> <span class='ocrx_word' id='word_1_315' title='bbox 1331 4273 1408 4324; x_wconf 83' lang='lat' dir='ltr'><strong>posse</strong></span> 
     </span>
     <span class='ocr_line' id='line_1_39' title="bbox 256 4328 1409 4416; baseline 0.016 -38"><span class='ocrx_word' id='word_1_316' title='bbox 256 4328 356 4382; x_wconf 90' lang='lat' dir='ltr'><strong>induci.</strong></span> <span class='ocrx_word' id='word_1_317' title='bbox 394 4336 459 4390; x_wconf 81' lang='lat' dir='ltr'><strong>Post</strong></span> <span class='ocrx_word' id='word_1_318' title='bbox 481 4339 682 4397; x_wconf 79' lang='lat' dir='ltr'><strong>Mainalius</strong></span> <span class='ocrx_word' id='word_1_319' title='bbox 706 4362 765 4398; x_wconf 89' lang='lat' dir='ltr'><strong>eam</strong></span> <span class='ocrx_word' id='word_1_320' title='bbox 786 4346 928 4401; x_wconf 87' lang='lat' dir='ltr'><strong>nominum</strong></span> <span class='ocrx_word' id='word_1_321' title='bbox 952 4347 1112 4412; x_wconf 79' lang='lat' dir='ltr'><strong>novitatem,</strong></span> <span class='ocrx_word' id='word_1_322' title='bbox 1139 4346 1295 4416; x_wconf 86' lang='lat' dir='ltr'><strong>ubicunque</strong></span> <span class='ocrx_word' id='word_1_323' title='bbox 1316 4341 1409 4397; x_wconf 83' lang='lat' dir='ltr'><strong>adesse</strong></span> 
     </span>
    </p>
   </div>
   <div class='ocr_carea' id='block_1_5' title="bbox 255 4414 1324 4504">
    <p class='ocr_par' dir='ltr' id='par_1_10' title="bbox 255 4414 1324 4504">
     <span class='ocr_line' id='line_1_40' title="bbox 255 4414 1324 4504; baseline 0.007 -28"><span class='ocrx_word' id='word_1_324' title='bbox 255 4414 406 4486; x_wconf 68' lang='lat' dir='ltr'><strong>videretur,</strong></span> <span class='ocrx_word' id='word_1_325' title='bbox 426 4443 481 4480; x_wconf 87' lang='lat' dir='ltr'><strong>noa</strong></span> <span class='ocrx_word' id='word_1_326' title='bbox 500 4437 553 4480; x_wconf 83' lang='lat' dir='ltr'><strong>tarn</strong></span> <span class='ocrx_word' id='word_1_327' title='bbox 573 4429 671 4504; x_wconf 69' lang='lat' dir='ltr'><strong>potitis,</strong></span> <span class='ocrx_word' id='word_1_328' title='bbox 692 4451 772 4502; x_wconf 86' lang='lat' dir='ltr'><strong>quam</strong></span> <span class='ocrx_word' id='word_1_329' title='bbox 792 4435 972 4503; x_wconf 74' lang='lat' dir='ltr'><strong>grammaticis</strong></span> <span class='ocrx_word' id='word_1_330' title='bbox 991 4433 1167 4492; x_wconf 72' lang='lat' dir='ltr'><strong>deserimini</strong></span> <span class='ocrx_word' id='word_1_331' title='bbox 1186 4431 1324 4504; x_wconf 77' lang='lat' dir='ltr'><strong>persuasit.</strong></span> 
     </span>
    </p>
   </div>
   <div class='ocr_carea' id='block_1_6' title="bbox 0 0 1548 4992">
    <p class='ocr_par' dir='ltr' id='par_1_11' title="bbox 0 0 1548 4992">
     <span class='ocr_line' id='line_1_41' title="bbox 0 0 1548 4992; baseline 0 4"><span class='ocrx_word' id='word_1_332' title='bbox 0 0 1548 4992; x_wconf 95' lang='lat' dir='ltr'><strong> </strong></span> 
     </span>
    </p>
   </div>
  </div>
 </body>
</html>
