3060 5000
805 359 882 436 246

317 552 414 616 lstbie
437 561 484 616 ast
505 549 533 613 ia
551 547 692 632 Jupiter,
716 569 809 633 quem
832 547 920 628 dico,
944 535 1039 632 quem
1060 545 1173 612 Graeci
1194 558 1308 612 vocant

316 657 448 734 Ata‘rsm,
469 653 526 737 qui
547 665 661 718 ventus
682 664 728 714 sat
751 663 783 714 et
804 655 920 732 nubes,
942 652 1044 714 imber
1065 663 1176 734 postea
1223 733 1229 740 .
1264 664 1267 675 '

316 759 422 841 Atque
444 777 484 818 ex
504 756 605 817 imbra
627 755 743 835 frigus3
765 766 878 818 ventus
902 774 978 818 mox
998 753 1051 832 fit,
1074 763 1130 818 as‘r
1150 751 1266 816 denuo.

275 859 358 926 Vide
380 859 474 923 etiam
496 857 665 922 Pacuvium
688 879 738 938 ap.
758 855 902 936 eundem,
922 879 955 940 p.
974 859 1026 919 ⁷2
1069 856 1217 920 Varistae
1239 853 1347 936 igitur,
1368 857 1422 920 vel

274 961 462 1041 obscuritas,
484 962 756 1046 qua'sentcntiam
778 957 961 1026 desummo
983 957 1110 1022 nomine
1131 957 1333 1040 significarit,
1361 959 1423 1020 boc

275 1065 404 1129 consilio
425 1068 464 1128 ab
487 1064 637 1149 Euripide
662 1065 962 1148 forsitanqusesita
983 1076 1050 1143 est,
1081 1075 1133 1143 ut,
1164 1085 1234 1128 cum
1256 1064 1422 1144 evulgari

274 1167 406 1232 deorum
432 1159 594 1250 agnitione
621 1168 819 1252 aliquantum
848 1169 987 1246 abesset,
1015 1187 1055 1228 ae
1077 1166 1171 1228 nimis
1190 1167 1307 1244 libere,
1339 1187 1421 1250 quae

273 1272 436 1352 sentiebat,
457 1271 624 1335 enuntians
644 1269 796 1334 invidiam
815 1271 1085 1354 opprobriumque
1107 1268 1233 1348 civium,
1253 1271 1422 1334 ueletiam

274 1375 385 1457 capitis
406 1375 582 1456 periculum
605 1373 786 1455 susciperet.

358 1476 420 1541 Sed
442 1475 532 1556 illud,
556 1475 643 1560 quod
664 1476 800 1557 scriptor
820 1472 955 1535 Pirithoi
974 1471 1013 1535 de
1034 1473 1185 1535 hocloco
1208 1472 1270 1536 sibi
1290 1493 1421 1556 persua·

272 1593 364 1659 serat,
387 1591 508 1642 tautum
531 1581 571 1641 ab
589 1577 750 1660 Euripidis
772 1575 865 1640 distat
887 1574 1040 1654 doctrina,
1061 1587 1214 1658 quantum
1236 1574 1420 1658 disciplinae

273 1681 464 1747 Clazomenii
495 1683 627 1768 propius
658 1681 795 1748 ridetur.
850 1677 982 1744 induxit
1015 1679 1098 1743 enim
1131 1681 1262 1744 eborum
1294 1680 1341 1743 ita
1372 1682 1420 1743 lo·

275 1799 442 1871 quantem:

488 1889 531 1957 Σὲ
554 1886 616 1961 τὸν
638 1882 812 1976 αὐτοφυῆ,
832 1882 895 1958 τὸν
916 1891 953 1956 ἐν
975 1887 1116 1975 αἰθερίῳ

485 1987 607 2080 ρύμβῳ
630 1988 770 2060 πάντων
793 1985 895 2073 φύσιν
919 1987 1137 2074 ἐμπλέξανθ’,

485 2093 528 2162 ὃν
550 2093 626 2177 περὶ
648 2097 716 2179 μὲν
739 2095 826 2178 pair,
848 2091 922 2175 ampl
944 2085 1156 2176 δ’ὁρφναία,

484 2189 544 2274 osi}
566 2192 763 2283 αἱολόχρως,
785 2190 920 2280 ἄκριτός
940 2185 969 2258 τ’
983 2187 1116 2277 ἄστρων

486 2295 585 2385 ὄχλος
606 2297 779 2386 ἐνδελεχῶς
804 2292 1035 2385 α’μφιχορτύτι.

272 2397 371 2460 Clcm.
394 2399 547 2462 Alexand.
569 2399 685 2464 Strom.
705 2402 749 2463 V.
770 2423 803 2481 p.
817 2402 891 2462 717.
934 2399 1048 2461 Euseb.
1066 2399 1179 2480 Praep.
1198 2397 1314 2479 Etang.
1334 2401 1417 2462 XIII.

271 2525 304 2584 p.
319 2507 378 2566 ost
401 2504 439 2564 B.
481 2503 586 2563 Deum
608 2503 706 2582 igitur
727 2521 842 2564 numen
864 2523 904 2563 ex
925 2522 957 2564 se
979 2502 1118 2582 genitum
1141 2493 1338 2586 (αὐτοφυές)
1358 2522 1416 2568 ro·
1517 2509 1519 2516 '

272 2604 332 2666 luit
354 2615 385 2666 et
404 2601 545 2666 animans
568 2625 653 2684 esse,
678 2604 705 2667 si
727 2604 853 2687 quidem
875 2603 909 2667 id
931 2625 947 2666 e
969 2605 1209 2686 compellatione
1233 2605 1338 2685 colligi
1359 2625 1417 2688 po·

272 2717 344 2785 test,
366 2727 468 2788 neque
489 2707 528 2770 ad
546 2717 659 2790 potitae
681 2719 814 2773 mentem
834 2728 870 2769 ea
891 2709 985 2788 plane
1005 2705 1171 2769 referenda
1192 2717 1249 2786 est,
1271 2707 1419 2771 eundem·

271 2827 343 2894 que,
365 2810 439 2872 licet
460 2831 567 2874 omnes
588 2833 638 2874 res
661 2823 812 2890 moveret,
834 2811 935 2893 ipsum
952 2823 1057 2874 tamen
1070 2811 1116 2874 ite
1134 2811 1328 2874 immobilem
1342 2833 1418 2892 esse,

273 2923 308 2974 ut
330 2911 397 2975 dies
420 2927 451 2976 et
472 2937 537 2979 nox
557 2927 588 2978 et
610 2926 719 2978 cuneta
741 2914 845 2978 sidere
868 2916 948 2978 circa
970 2937 1042 2978 eum
1063 2916 1225 2978 ferrentur
1244 2917 1418 3000 orbemque

272 3037 363 3081 suum
385 3019 581 3083 conficerent.
637 3021 747 3102 Itaque
770 3017 931 3098 Clemens,
961 3019 995 3079 in
1017 3017 1094 3098 deo,
1125 3020 1182 3102 qui
1201 3039 1261 3101 per
1280 3039 1315 3082 se
1337 3029 1418 3082 esset

272 3143 308 3185 ac
329 3121 471 3200 viveret,
499 3136 635 3187 mentem
658 3122 852 3203 agrarius
879 3142 941 3204 qua
962 3133 1064 3184 totum
1084 3122 1236 3186 mundum
1258 3133 1290 3186 et
1311 3121 1417 3186 condi·

271 3237 339 3288 tum
362 3235 392 3287 et
415 3223 599 3306 dispositum
623 3247 689 3288 esse
710 3228 914 3306 Anaxagoras
936 3221 1160 3290 existimassem
1181 3227 1204 3288 I.
1218 3228 1241 3288 l.
1259 3227 1416 3296 ἐνταῦθα

271 3325 336 3412 γὰρ
359 3323 423 3393 τὸν
444 3332 512 3412 μὲν
539 3329 752 3416 δημιοῠργον
774 3331 862 3397 νοὺν
883 3331 1030 3414 εἴρηκεν·
1064 3325 1107 3396 sd
1130 3324 1162 3396 δ’
1176 3331 1253 3412 ἑξῆς
1275 3331 1333 3398 snt
1353 3330 1418 3398 τοῦ

272 3422 401 3510 κόσμον
427 3427 605 3526 colossum,
635 3437 671 3499 ἐν
693 3421 726 3519 ᾧ,
741 3433 795 3500 nul
818 3425 1054 3518 ἐναντιότητες
1078 3424 1185 3518 φωτός
1205 3455 1243 3498 ss
1263 3431 1317 3506 sel
1337 3425 1417 3498 τιό·

271 3551 362 3601 toves
405 3529 492 3606 Quae
514 3533 592 3594 salso
615 3533 777 3597 Baebius
800 3557 832 3616 p.
851 3539 909 3614 84,
929 3557 997 3598 cum
1020 3537 1176 3614 versibus,
1198 3555 1276 3619 quos
1296 3554 1417 3615 ptopo-

272 3629 400 3709 suimus,
422 3655 619 3717 nequaquam
633 3639 783 3716 'subjecta
804 3638 876 3716 sint,
908 3659 948 3700 ex
968 3635 1094 3720 perdito
1115 3639 1238 3700 fabulas
1258 3639 1337 3713 leco,
1357 3635 1417 3718 qul

272 3753 342 3796 cum
364 3735 402 3798 its
425 3736 485 3801 fuit
507 3741 697 3817 conjugatus,
718 3737 881 3821 desumpta
904 3761 969 3805 esse
990 3739 1179 3820 arbitratum
1200 3759 1271 3801 nam
1288 3735 1342 3800 dei
1358 3754 1418 3800 no·

271 3837 336 3916 tio,
368 3861 462 3922 quam
487 3839 643 3904 Clementi
663 3841 791 3906 videtur
813 3841 982 3905 secundum
1004 3845 1207 3924 Anaxagorae
1228 3841 1343 3923 placita
1363 3839 1416 3902 de·

272 3940 399 4022 finisse,
424 3935 484 4006 lroc
506 3945 680 4024 fragmento
703 3959 845 4008 accurate
869 3967 1016 4029 expressa
1040 3959 1097 4010 est.
1140 3943 1217 4021 Quia
1238 3963 1314 4006 vero
1336 3943 1416 4006 Piri·

270 4047 379 4108 thoum
401 4048 540 4110 fabulam
562 4048 723 4130 Euripidis
745 4047 880 4112 habeat?
925 4051 971 4114 Ut
997 4051 1079 4113 enim
1106 4048 1197 4110 multi
1206 4092 1215 4125 ,
1244 4067 1315 4108 oum
1342 4044 1417 4108 deo·

272 4170 342 4210 rum
364 4171 533 4236 rerumque
555 4163 699 4212 naturam
728 4165 909 4233 exponunt,
939 4153 1062 4235 ssepIus
1089 4174 1109 4215 e
1129 4172 1164 4214 se
1186 4148 1349 4212 discedant
1368 4148 1417 4210 in·
1518 4217 1519 4220 Ἴ

271 4252 444 4335 primisque
465 4263 576 4334 poetae
598 4255 660 4316 alio
682 4267 825 4336 tempore
853 4255 931 4316 alias
961 4277 1075 4339 easque
1097 4254 1269 4318 contrarias
1291 4265 1418 4316 senten·
1518 4283 1519 4286 ¹

273 4352 331 4413 tias
353 4368 535 4438 sequantur,
556 4361 674 4442 quippe
696 4381 833 4444 quorum
855 4359 995 4423 studium
1015 4359 1187 4440 elegantiae
1208 4356 1313 4420 vincat
1335 4355 1417 4418 vcrI·

252 4465 386 4536 ·totem;
416 4469 519 4520 tamen
541 4461 688 4546 Euripidi
709 4477 826 4528 tentam
850 4462 1050 4547 varietatem,
1070 4460 1329 4538 inconstantium,
1350 4480 1416 4521 cre·
1518 4457 1519 4530 ζ
