3060 5000
795 379 872 450 270

271 571 309 633 iis
327 574 530 650 proponeret,
550 561 606 646 qui
628 561 809 642 genuissimae
828 572 1002 643 praecepto.
1015 572 1148 642 propter
1164 560 1343 641 tragoediae
1359 585 1416 630 ex·

272 675 452 756 spectabant
473 667 673 748 dignitatem,
704 685 762 728 nec
784 666 957 730 sententiae
976 683 1054 730 roeo
1076 667 1243 740 verborum
1254 710 1263 743 ,
1277 717 1282 726 .
1298 668 1416 749 quibus

273 788 363 839 erant
383 777 546 851 subjectns,
568 771 642 832 ontis
659 768 899 850 responderent.
943 766 1037 846 Apud
1052 767 1222 832 stoli-eoum
1238 768 1338 832 Serm.
1350 775 1417 834 1³9

272 877 407 941 fortunis
431 883 550 938 tentum
574 895 610 935 ec
631 873 722 936 bonis
744 870 1057 935 docet-invidentur
1080 891 1155 934 esso.
1202 871 1360 936 Nimirum
1380 871 1418 936 id

273 1002 323 1043 ree
345 980 412 1060 ipen
435 976 616 1052 confirmet,
637 996 740 1057 neque
760 975 792 1036 si
813 985 903 1038 tento
925 985 973 1038 tot
993 975 1165 1040 verborum
1183 975 1318 1055 strepitu
1340 995 1418 1038 uetes

274 1097 350 1147 eret.
393 1082 518 1144 Vereor
539 1089 574 1142 ut
595 1079 666 1160 quis
687 1079 810 1140 felicem
833 1077 961 1141 deorum
981 1075 1192 1141 conditionem
1207 1079 1241 1138 in
1258 1077 1419 1157 discepta-

274 1187 392 1247 tionem
407 1181 526 1245 vocerit
544 1180 636 1260 eique
657 1191 771 1242 statum
789 1180 917 1242 bumeni
936 1179 1056 1258 generis
1073 1179 1268 1258 opposuerit.
1310 1178 1419 1254 Quare

275 1287 457 1367 displicent,
491 1301 571 1366 quoe
592 1279 676 1361 opud
696 1279 784 1344 Stob.
806 1281 905 1344 Serto.
926 1283 986 1344 251
1011 1280 1108 1342 lueiue
1128 1280 1283 1361 loquitur.
1325 1280 1420 1341 Cele-

276 1389 441 1450 berrimrm
463 1384 660 1460 senteutiam,
681 1402 744 1462 que
764 1382 840 1444 Solo
861 1383 1019 1449 monuisse
1040 1381 1190 1444 Croesum
1212 1381 1355 1458 truditur,
1375 1404 1420 1443 ne

274 1489 450 1562 hominem,
479 1485 660 1568 priusquam
682 1497 874 1562 moreretur,
903 1497 1020 1548 temere
1043 1485 1236 1549 lortuootum
1257 1486 1420 1548 existime-

274 1603 342 1667 ret,
373 1611 392 1651 a
414 1588 564 1651 Deianira
586 1587 820 1667 pronuntiatem
842 1587 875 1647 iu
897 1586 1062 1666 Sophoclis
1085 1587 1262 1652 Trachiniis
1282 1587 1351 1654 intr.
1379 1609 1420 1650 ae

275 1692 476 1754 multileriom
497 1690 671 1772 antiquitus
691 1689 859 1766 laudarem,
882 1688 1017 1780 Diogen.
1037 1688 1074 1753 L.
1093 1689 1169 1764 Η,
1189 1694 1222 1764 4,
1244 1711 1313 1751 cum
1334 1690 1421 1752 invi·

276 1795 358 1856 diem
376 1794 505 1855 deorum
521 1793 637 1872 optime
656 1791 837 1868 declareret,
860 1791 1005 1856 facillime
1022 1809 1116 1852 sensu
1133 1791 1297 1872 percipies,
1318 1813 1420 1873 quen·

275 1909 386 1980 topere
398 1896 570 1978 Dionysius
584 1895 781 1975 longitudine
797 1897 983 1960 elocutionis
999 1895 1187 1974 corriperis
1225 1895 1420 1962 serm-251:

441 1999 584 2082 θνητῶν
604 1998 779 2082 δὲ,μοηὸοὶο
799 1994 915 2080 μηδέν’
929 1990 1050 2079 lteram
1070 2021 1157 2062 πονο

446 2101 564 2186 κρίνῃ,
586 2100 668 2186 πρὶν
689 2094 800 2168 adelo
821 2091 1198 2185 rdoeleurn'ourr'ldp·

446 2205 487 2269 lo
506 2197 652 2285 ἀσφαλεῖ
669 2199 735 2285 reip
754 2196 815 2269 σὸν
836 2199 979 2270 θανόντ’
994 2203 1180 2270 ἐπαινέσαι·
1295 2261 1300 2274 .

277 2306 358 2368 Nem
377 2305 411 2366 in
433 2304 490 2366 illo
512 2306 687 2368 sententiae
706 2325 775 2382 usu,
795 2323 875 2387 quoe
894 2305 1032 2386 priorem
1054 2308 1120 2380 ejus
1142 2316 1263 2385 partem
1281 2325 1420 2393 sequun-

276 2420 340 2482 tur,
361 2408 460 2469 otiose
482 2418 554 2468 sunt
573 2420 667 2489 etque
689 2407 804 2472 inenio.
846 2407 1257 2476 ttitumuesutcmtrurtle
1271 2409 1419 2486 studium,

278 2530 341 2592 quo
363 2509 545 2587 gravitatem
568 2510 720 2574 dictorum
743 2511 857 2574 nuxit..
885 2511 1008 2573 Etenim
1024 2529 1117 2592 quom
1131 2509 1264 2576 ridicule
1278 2521 1314 2572 'ot
1332 2531 1420 2576 ocur·

277 2611 347 2672 rilie
365 2624 410 2673 ert
428 2611 519 2689 retio,
541 2635 603 2695 que
623 2615 761 2690 justitiae
782 2615 843 2678 eibi
865 2617 990 2680 oculum
1013 2614 1117 2693 finxit,
1135 2615 1226 2697 qimai
1246 2635 1264 2678 e
1285 2635 1420 2696 persono

278 2728 388 2778 cuncte
409 2717 642 2782 observantem!
685 2719 773 2783 stou.
795 2720 902 2798 Eclog.
922 2719 982 2782 Pb.
1003 2720 1026 2782 l.
1047 2719 1087 2782 li:

251 2834 253 2844 ·
404 2815 451 2886 ‘0
471 2823 531 2906 τῆς
551 2823 654 2906 Alere
676 2815 874 2908 ὀφθαλμὸς,
896 2815 941 2895 eir
957 2815 998 2888 δι’
1013 2817 1145 2910 ἡσύχου

406 2916 556 2990 λεύσσων.
573 2919 773 3009 προσώπου,
793 2915 1009 3007 πάνθ’ὅμοοσ
1030 2918 1080 2988 olel
1102 2921 1235 3006 βλέπει.

278 3018 371 3097 Quod
395 3044 509 3086 numen
533 3046 601 3088 cum
631 3027 742 3106 tragici
761 3026 886 3106 saepius
911 3044 1085 3089 memorare
1107 3024 1354 3102 tonmrerisscnt,
1387 3037 1421 3092 ut

169 3190 172 3197 ,
279 3127 450 3206 Aeschylus
482 3127 570 3208 Sept.
604 3143 704 3192 contr.
731 3131 829 3192 Theb.
857 3131 941 3206 662,
969 3127 1104 3193 Eumen-
1132 3131 1215 3205 539,
1246 3129 1420 3209 Sophocles

279 3228 428 3305 Antigon.
452 3233 529 3308 854,
554 3228 667 3313 oedip.
689 3232 800 3296 Colon·
824 3234 923 3308 1382,
949 3228 1117 3310 Euripides
1137 3232 1353 3310 Eleum-775,
1375 3233 1420 3294 ilo

277 3329 495 3392 invocaverat:
898 3387 901 3395 .
986 3344 990 3396 1
1137 3383 1140 3392 .

401 3427 454 3496 Ὢ
475 3433 570 3510 θοοὶ,
593 3435 677 3518 Δίνη
696 3458 733 3500 ro
755 3427 866 3504 πάνθ’
883 3431 988 3520 dodo',
1007 3427 1112 3521 ἦλθές
1134 3461 1228 3504 ποτε.

279 3532 346 3593 Hoc
374 3535 476 3596 omnia
504 3535 641 3598 uidendi·
664 3537 811 3602 locultete
842 3537 974 3602 debebat
1004 3539 1270 3616 eseeinstruoto,
1299 3538 1420 3621 quippe

278 3653 371 3715 quem
393 3639 478 3710 nulle
499 3639 659 3702 hominm
682 3642 800 3706 seelera
823 3643 921 3706 latere
943 3649 1117 3720 oporteret.
1148 3643 1312 3726 ,Namque
1333 3641 1421 3706 siroi-

278 3738 352 3798 liler
374 3751 406 3800 et
425 3741 565 3819 Jupiter,
596 3763 692 3821 penes
715 3764 807 3824 quem
830 3757 876 3806 eet
899 3765 1017 3806 summe
1036 3744 1149 3823 impios
1173 3741 1342 3822 castigandi
1363 3763 1421 3823 po·

161 3919 164 3926 ¹
233 3863 238 3874 ·
277 3851 383 3917 testas,
407 3855 517 3902 cuncto
539 3843 648 3905 videre
670 3843 785 3908 dicitur
806 3858 838 3908 et
859 3845 1044 3908 Eumenides
1065 3846 1111 3907 ite
1132 3843 1362 3923 describuntur,
1387 3856 1419 3905 ut

277 3944 358 4004 nilril
388 3944 830 4026 temperem-proclamitant.
882 3949 979 4029 Soplit
998 3946 1089 4012 ·Oed.
1121 3949 1233 4012 Colon.
1263 3951 1324 4010 43:
1360 3940 1421 4018 coir

165 4105 171 4114 .
277 4039 777 4134 odvd'dpuioocfflprrldcr.'
799 4051 868 4113 Nos
885 4059 991 4114 eutem
1021 4068 1124 4133 neque
1151 4053 1230 4128 hoc,
1260 4063 1363 4131 noque
1384 4048 1422 4107 il·

277 4147 333 4208 ¹¹¹d
355 4149 623 4247 replehendimffi,
645 4153 730 4236 quod
753 4173 829 4215 voce
845 4145 973 4241 ἡσύχου
990 4157 1181 4231 majestatem
1197 4155 1345 4235 aliquem,
1366 4171 1421 4211 seu

279 4270 345 4310 eom
371 4249 505 4315 numinis
537 4254 686 4337 virtutem
715 4253 917 4336 significavit,
951 4279 1013 4340 quo
1037 4257 1136 4338 nullis¹
1155 4267 1303 4319 vexatum
1325 4251 1421 4314 enimi

254 4403 259 4414 .
278 4353 577 4438 perturbationibus,
599 4357 685 4418 nulle
704 4357 852 4438 opinione
872 4371 1108 4442 praeoccupata,
1128 4355 1256 4422 deberet
1273 4353 1422 4432 judicare.
1514 4363 1515 4390 l

281 4449 342 4510 Sed
364 4453 440 4533 quid
463 4467 526 4533 eet,
547 4457 575 4518 ei
597 4457 691 4520 modo
712 4473 796 4523 recte
818 4465 915 4526 verbo
935 4463 1156 4542 intelligimus,
1181 4457 1266 4544 quod
1289 4477 1422 4520 ornere·
