3044 4982
789 329 908 380 XVIII

279 489 413 570 intelligi
434 491 554 572 potest,
578 506 648 551 eom
671 509 728 552 nee
749 500 885 567 temere,
903 509 1012 572 neque
1032 489 1282 572 inconsiderate,
1303 493 1359 558 sed
1380 496 1425 558 ita

279 599 355 658 haee
373 592 575 674 percurrisse,
597 604 631 654 ut
652 611 711 655 suo
730 603 875 654 uteretur
893 591 1024 671 juditio⁴
1066 591 1338 670 Quemadmodum
1360 623 1424 664 sss.

279 695 432 782 ριὴγησιν
453 687 584 773 Ἀσίαν,
608 715 690 776 quae
711 694 860 756 Hecataei
882 695 999 758 Milesii
1022 717 1087 759 esse
1110 701 1206 778 vulgo
1227 699 1426 778 credebatur,

277 799 426 864 Nasiotas
446 797 569 860 tribuit.
612 801 727 861 Athen.
748 799 786 877 ll,
806 799 849 862 to
867 801 907 863 A.
920 801 961 861 B.
1002 800 1089 864 ldam
1108 825 1129 864 a
1148 803 1334 865 Parmenide
1355 824 1427 866 aar·

277 925 350 966 rnen
378 901 632 984 philosophicum
660 901 868 982 abiudicavit,
900 902 988 985 quod
1013 905 1143 984 plurimi
1165 907 1194 968 ei
1209 906 1426 984 assignabant.

278 1009 413 1088 Diogen.
434 1007 471 1068 L.
492 1009 549 1084 lx,
571 1010 602 1086 3,
622 1011 653 1071 3.
697 1003 880 1072 Orationem
907 1005 1068 1076 Dinarchi
1089 1008 1175 1071 inter
1195 1009 1427 1072 Demosthenis

278 1127 376 1192 opera
398 1109 518 1172 retulit.
561 1109 694 1193 Dionys.
715 1111 874 1173 Halicarn.
896 1109 934 1172 de
956 1111 1108 1174 Dinorolr.
1130 1115 1181 1174 10.
1231 1111 1295 1174 Sed
1323 1112 1427 1174 maxi·

278 1236 362 1278 mam
383 1214 619 1294 auctoritatem,
650 1233 743 1297 quam
771 1213 983 1278 nobilissimus
1011 1216 1118 1296 homo·
1136 1215 1185 1298 his
1210 1215 1425 1280 voluminibus

278 1317 472 1395 conciliavit,
502 1338 538 1378 ea
561 1337 612 1380 res
634 1317 823 1398 praeprimis
845 1314 998 1394 ostendit,
1020 1316 1113 1399 quod·
1131 1328 1272 1394 veteres,
1292 1339 1363 1400 cnm
1384 1317 1425 1382 de

280 1422 434 1502 scriptore
457 1421 587 1496 alicujus
607 1419 684 1481 libri
710 1431 856 1499 egerent,
887 1421 946 1481 hec
969 1421 1061 1482 velut
1081 1419 1332 1501 praeclarissimo
1351 1421 1424 1482 lite·

278 1545 386 1587 rarum
418 1521 577 1605 praesidio
609 1524 659 1584 usi
690 1533 775 1586 sunt.
838 1524 952 1586 Athen.
981 1523 1068 1586 XIV.
1082 1551 1088 1561 ¹
1103 1531 1137 1604 p.'
1165 1527 1229 1588 643
1256 1525 1283 1587 F
1288 1546 1300 1602 ς
1322 1523 1423 1586 ,ll-111.

204 1636 207 1642 '
277 1650 311 1709 p.
325 1630 388 1692 336
411 1627 453 1706 E3
472 1627 529 1690 XI.
550 1648 584 1707 p.
597 1628 673 1688 496.
716 1628 858 1689 Alteram
881 1625 1065 1688 Callimachi
1085 1627 1289 1708 scriptionem
1309 1624 1422 1688 Suidas

277 1754 302 1796 s.
321 1753 351 1796 v.
375 1731 505 1798 σιίναιια
535 1728 590 1796 ssi
618 1721 819 1812 α’ναγραφὴν
847 1729 916 1794 σῶν
941 1723 1027 1794 sossi
1050 1727 1192 1816 χρδνσνα
1211 1729 1266 1794 καὶ
1290 1722 1423 1811 ‹laido-

276 1837 336 1924 χῆς
357 1834 550 1919 γενομένων
570 1830 791 1898 διδασκαλιῶν
811 1831 964 1893 nominat.
1007 1834 1076 1896 Hoc
1095 1834 1178 1896 enim
1198 1843 1331 1911 mnaso,
1353 1855 1422 1896 curn

147 1961 151 1970 ¹
279 1940 373 2015 vulgo
397 1928 603 2000 διδασκάλων
623 1932 747 2010 legant,
782 1952 852 1993 cunr
873 1931 1084 1995 Stoeekero
1105 1933 1242 1996 Dissert.
1262 1934 1423 2016 de'Soph.

278 2050 310 2099 et
329 2037 493 2118 Aristoph.
508 2037 651 2116 Interpp.
673 2039 743 2115 p.4
764 2046 795 2096 et
819 2035 1014 2098 Meineltio
1034 2037 1115 2100 Hist.
1130 2035 1208 2099 Grit.
1225 2059 1258 2118 p.
1275 2041 1313 2100 11
1337 2038 1422 2101 aliis·

278 2161 341 2224 que
361 2139 553 2221 reponimus.
596 2138 763 2199 Rationem
784 2142 849 2215 eius
872 2139 991 2220 optime
1012 2139 1173 2202 lansius
1194 2140 1217 2201 l.
1238 2140 1263 2200 l.
1283 2138 1422 2202 deelara-

277 2245 334 2306 vit.
378 2241 441 2304 Sed
463 2243 521 2303 hos
541 2240 697 2302 librorum
718 2239 837 2303 indices
859 2254 969 2322 postea
990 2244 1216 2324 Aristophanes
1235 2243 1341 2320 auxit,
1365 2265 1421 2305 au·

278 2348 362 2409 ditor
384 2343 577 2407 Callimachi.
627 2343 731 2426 Etym.
752 2343 858 2423 Magn.
882 2366 906 2408 s.
926 2367 959 2409 v.
981 2346 1085 2423 πίναξ
1110 2390 1119 2408 .
1140 2389 1152 2410 .
1173 2389 1183 2408 .
1207 2343 1258 2420 cle
1275 2347 1422 2433 ἐνασχιδν

276 2444 538 2536 Ἀριστοφάνην,
559 2446 578 2513 ὁ
597 2444 848 2535 γραμματικὸς,
868 2445 1052 2528 &nomento
1065 2442 1337 2530 ‚adrimeticum
1354 2447 1423 2516 σῶν

276 2549 470 2637 mandans.
513 2553 622 2635 Itaque
644 2563 827 2632 argumenta
848 2551 1035 2627 fabularum,
1057 2567 1156 2634 seqare
1177 2553 1330 2614 versibus,
1344 2551 1423 2613 iam·

278 2656 354 2718 bicis
372 2657 506 2736 scripsit,
530 2669 567 2718 ut
586 2658 651 2735 illa,
673 2677 754 2739 quae
775 2655 945 2737 Sophoclio
966 2656 1277 2736 Philoctetaaatqoe
1297 2651 1423 2735 Oedipo

277 2777 421 2842 qssaequs
448 2771 566 2840 septem
588 2760 815 2842 Aristophanis
836 2755 1004 2833 comoediis
1029 2759 1294 2840 praemittuntur,
1322 2757 1422 2839 φασί-

275 2863 362 2923 miua
383 2853 720 2926 nobisdemunst'rant.
763 2863 943 2932 Athenaeus
962 2880 1045 2926 vero·
1055 2864 1122 2924 lli.¹
1134 2883 1166 2943 p.
1176 2859 1304 2935 4138,Ῑῆ
1320 2855 1422 2944 ‘'Aps-

277 2961 451 3050 σισφσὶνης
473 2959 539 3034 δ’ὁ
563 2961 803 3052 γραμματινδς
827 2970 865 3032 ἐν
887 2973 959 3040 ταῖς
980 2964 1065 3050 ιιρόα
1089 2960 1171 3038 asic
1192 2959 1422 3051 Καλλιμάχου

276 3067 429 3143 miradola
458 3068 612 3159 χλιαδζιι·
636 3065 718 3144 σούς
747 3065 811 3137 osis
839 3065 977 3143 εἰδότας
1003 3063 1067 3148 σὴν
1083 3057 1262 3147 «διαφσρδν
1289 3065 1354 3130 aori
1384 3087 1422 3130 se

276 3164 363 3240 used
386 3168 493 3260 χειρὸς
513 3174 570 3238 sol
599 3172 666 3240 cosi
690 3163 951 3244 inostensam.
966 3156 1060 3242 παραὶ
1081 3158 1147 3246 γαρ
1166 3175 1237 3238 sota
1257 3168 1422 3240 παλαιαῖς

276 3271 315 3343 od
336 3280 406 3360 μὲν
427 3269 491 3356 arod
512 3269 650 3356 α’ρίσσσω
670 3271 725 3338 ναὶ
742 3264 892 3332 asianos
920 3265 1082 3349 λέγεσθαι
1098 3260 1199 3330 μανὰ
1212 3262 1346 3354 praede,
1379 3265 1420 3336 ad

274 3375 313 3442 dl
333 3373 420 3458 μιτδ
438 3368 533 3441 ταῦτ’
551 3368 803 3458 inculpandos.
847 3367 941 3432 Unde
962 3380 1104 3449 apparet,
1125 3369 1281 3451 quautam
1294 3383 1419 3434 accurs*

275 3479 395 3539 tionem
421 3467 640 3556 'grammaticus
670 3474 703 3536 in
732 3465 982 3550 singulis'rebris
1011 3469 1190 3534 adhibuerit
1217 3473 1417 3556 minutisque.

277 3579 320 3638 At
342 3595 419 3639 vero
441 3595 505 3638 non
524 3576 635 3656 solum,
656 3590 736 3659 quae
753 3575 960 3638 Callimachus
984 3573 1269 3656 paucis-⁵sltigerat,
1291 3577 1418 3640 ulterius

200 3707 206 3715 =
275 3689 458 3760 persecutus
480 3690 543 3755 ast,
573 3679 628 3741 sed
657 3680 809 3742 nonnulla
838 3696 965 3761 quoque
988 3676 1027 3740 d'e
1050 3698 1108 3742 suo
1128 3678 1253 3758 adiecit.
1303 3681 1418 3743 Athen.

276 3780 361 3843 Vlll.
383 3802 416 3860 p.
434 3783 498 3844 336
519 3781 557 3844 E.
600 3779 663 3858 Qui
688 3803 759 3845 cum
786 3802 910 3845 omnem
935 3783 1099 3845 librorum»
1113 3782 1418 3865 supellectilem-ius·

275 3901 383 3944 menso
402 3883 511 3946 labore
533 3884 566 3945 in
588 3904 702 3965 genera
722 3885 936 3967 digessissem,
967 3887 1164 3949 Ptolemaeus
1183 3885 1417 3966 Philadelphus,

277 4005 340 4067 quo
365 3973 544 4050 'accuratius
574 3989 744 4071 specimina
771 3990 874 4072 poesis
904 3987 1056 4067 Graecae,
1089 4009 1169 4074 quae
1202 3988 1416 4060 Alexandrina

276 4087 464 4150 bibliotheca
493 4095 688 4172 asservabat,
722 4091 866 4156 ordinata
899 4095 1102 4174 cognosciet
1129 4095 1163 4154 in
1191 4094 1416 4162 nsumfflsocari

275 4204 418 4272 possent,
441 4196 549 4258 labore
570 4198 732 4279 tripartito
750 4198 868 4275 diviso,
893 4197 1069 4278 tragoedias
1081 4198 1130 4259 ab
1150 4194 1331 4264 Alexandro
1354 4197 1415 4257 Ae-

273 4294 354 4370 tolo,
374 4297 430 4378 qui
451 4299 579 4380 quidem
599 4301 668 4383 ipae
691 4321 754 4364 non
774 4305 925 4366 obscurus
942 4303 974 4365 in
993 4320 1125 4366 numero
1140 4301 1327 4380 tragicorum
1344 4299 1414 4376 suit,

277 4407 308 4456 et
333 4397 439 4478 colligi
467 4413 505 4464 et·
526 4391 559 4465 in
589 4403 732 4468 ordinem
762 4404 863 4486 redigi
891 4407 989 4483 jussit.
1034 4406 1102 4466 Hoc
1130 4403 1216 4464 enim
1240 4403 1272 4462 ln
1296 4401 1414 4464 scholio
