3060 5000
803 342 880 414 256

275 543 450 616 terpretnm
470 528 510 592 ad
532 528 706 610 Diogenem
729 527 876 594 reiectus.
921 523 1001 602 Quis
1021 523 1105 586 eninr
1126 522 1373 606 lexicograpbo,
1392 528 1420 591 si

274 639 340 704 hoe·
356 656 468 702 nonten
491 636 642 699 voluisset-
662 633 797 714 Diogeni
817 627 1207 706 vindicarescribendum
1228 630 1326 691 inisse
1341 633 1421 696 Διο-

274 738 407 827 γένηςὸ
428 733 606 823 Οἰνόμαος
616 735 736 818 neget?
780 737 874 818 Apud
897 735 1066 800 Eudociom
1087 733 1242 794 librorum
1260 733 1324 795 fide
1341 736 1421 796 Vil-

276 838 448 905 loisonus
470 841 629 926 Διογένης
651 834 746 907 teat
771 835 948 923 Οἰνόμαος
971 835 1081 898 edidit.
1124 833 1326 916 Quapropter
1346 857 1421 898 cen-

277 951 394 1023 jectura
410 964 533 1008 omnem
552 943 796 1009 controversiam
816 945 927 1004 tollere
944 942 1022 1003 milti
1039 939 1160 1006 videor.
1202 939 1280 1002 Cum
1297 952 1422 1003 veteres

277 1047 465 1126 dubitarent,
486 1042 592 1110 utrum
611 1047 767 1125 Diogenes
781 1046 915 1128 Cynicus
932 1043 1121 1107 condidisset
1135 1039 1321 1120 tragoedias,
1341 1065 1423 1126 quae

278 1151 308 1226 ei
329 1153 565 1229 tribuebantur,
593 1145 633 1212 an
650 1143 807 1212 ¹Philiscus
831 1151 998 1229 Aegineta,
1020 1160 1075 1208 ant
1095 1144 1224 1223 Suidas,
1245 1158 1299 1208 aut
1321 1169 1423 1227 grant-

278 1255 425 1334 malicus,
458 1277 551 1339 quem
574 1257 607 1316 in
633 1276 721 1318 usum
748 1257 889 1333 vocavit,
919 1267 982 1316 tam
1012 1253 1081 1314 aliis
1107 1253 1297 1330 rationibus,
1329 1273 1424 1334 quam

278 1359 464 1419 auctoritate
496 1357 646 1420 Oenomai
674 1358 855 1438 philosophi
884 1369 1004 1434 motus,
1036 1357 1091 1438 qui
1119 1357 1226 1438 paullo
1250 1369 1323 1418 ante
1346 1360 1424 1419 Por·

278 1461 427 1542 phyrium
443 1459 481 1521 de
502 1460 627 1521 Cratete
649 1472 681 1520 et
697 1461 839 1539 Diogene
857 1461 1032 1541 scripserat,
1053 1460 1187 1541 Synceil.
1211 1481 1242 1540 p.
1257 1464 1332 1536 349,
1353 1461 1424 1522 Sui·

279 1562 334 1623 das
354 1584 377 1624 s.
393 1583 424 1625 v·
443 1546 638 1644 Οἰνόμαος,
657 1564 674 1623 J
685 1582 767 1624 ons.
789 1561 828 1624 de
850 1562 965 1642 Script.
987 1563 1068 1624 Hist.
1091 1564 1148 1623 Pit.
1170 1565 1222 1638 tlt,
1240 1567 1269 1638 t,
1286 1567 1323 1640 8,
1345 1563 1424 1624 Dio·

280 1687 389 1746 genem
414 1665 639 1727 nobilissimum
668 1665 751 1727 inter
781 1665 980 1746 cognomines
1009 1665 1096 1727 viros
1123 1666 1209 1728 velut
1237 1667 1424 1746 scriptorem

279 1771 475 1846 fabularum,
506 1767 545 1832 de
567 1769 681 1850 quibus
703 1769 859 1848 ambigere
882 1780 1067 1848 coeperant,
1099 1767 1130 1828 in
1156 1769 1291 1846 tragicos
1314 1777 1425 1849 poetas

279 1874 398 1952 retulit,
422 1872 536 1949 verbis,
559 1891 639 1954 quae
662 1873 840 1934 etiamnunc
861 1871 998 1934 Eudocio
1019 1873 1123 1950 habet,
1141 1872 1260 1936 vleviter
1278 1871 1425 1936 mutatis:

279 1978 450 2062 Διογένηέ,
471 1973 489 2042 ὃ
509 1977 562 2042 unt
582 1973 760 2060 Οἰνόμαος
777 1975 880 2061 (ἔφη),
901 1977 1089 2060 Ἀθηναῖος
1109 1975 1276 2062 τραγικός.
1319 1980 1426 2060 Atque

279 2086 355 2147 haec
374 2075 457 2160 apud
477 2078 605 2141 Suidam
625 2080 750 2142 restitui
769 2093 912 2161 possunt.
954 2081 1016 2144 Sed
1036 2103 1138 2165 neque
1159 2083 1212 2144 iila
1231 2081 1426 2146 Wslclreri

279 2184 413 2267 suspicio
450 2182 538 2243 mihi¹
561 2203 691 2264 prorsus
723 2181 885 2264 displicet,
920 2205 1013 2266 qnam
1048 2203 1143 2266 snpra
1174 2185 1426 2247 memoravimus.

278 2290 359 2352 Nam
388 2297 527 2362 veteres,
560 2285 701 2367 quamvis
731 2288 831 2347 multa
862 2284 901 2346 da
931 2287 1051 2348 incerto
1080 2293 1173 2370 potita
1197 2285 1426 2364 contenderint,

279 2405 382 2455 tamen
405 2390 439 2449 in
462 2408 498 2450 eo
521 2389 738 2468 consentiunt,
769 2403 805 2452 ut
835 2390 976 2472 cynicum
1007 2391 1102 2458 inisse
1132 2413 1202 2453 eum
1230 2411 1338 2454 omnes
1360 2394 1426 2452 sere

280 2506 429 2559 statuant.
471 2492 557 2555 Fieri
576 2492 690 2573 potuit,
709 2505 745 2553 ut
767 2491 800 2553 in
824 2505 908 2555 tanta
931 2494 1115 2574 opinionum
1137 2489 1289 2558 varietate
1310 2493 1348 2556 de
1363 2491 1428 2558 Oe·

279 2616 393 2661 nomao
418 2595 598 2674 cogitarent,
622 2614 715 2677 quem
733 2597 953 2678 compositioni
974 2597 1206 2678 tragoediarum
1223 2619 1354 2681 operam
1371 2599 1428 2661 de·

280 2701 361 2764 disse
386 2717 451 2760 esse
474 2710 697 2776 cognoverant.
740 2700 853 2762 Julian.
874 2698 960 2764 Orat.
982 2699 1054 2762 Vll.
1076 2721 1107 2782 p.
1128 2706 1203 2768 ato.

364 2805 473 2865 Restat
496 2805 698 2866 nunoaltera
722 2805 915 2887 quaestionis
943 2823 1032 2886 pars,
1064 2819 1099 2869 ut
1127 2806 1327 2884 definiamus,
1357 2807 1428 2890 quis

280 2906 438 2990 scripserit
466 2907 536 2968 illas
565 2906 751 2986 tragoedias.
800 2910 868 2970 Jam
897 2910 1037 2989 primurn
1065 2906 1319 2973 omnis'videtur
1347 2912 1429 2971 anti-

279 3011 382 3094 quitas
410 3027 461 3072 eas
492 3010 600 3091 cynico
630 3012 821 3091 philosopho
851 3012 1007 3077 tribuisse.
1042 3013 1132 3074 -Natn
1155 3012 1222 3074 sive
1248 3011 1429 3094 antiquissi-

279 3135 363 3177 mum
382 3114 508 3192 erroris,
531 3115 646 3197 siquis
665 3126 721 3192 est,
743 3113 891 3176 indicium
914 3115 1090 3196 repetieris,
1112 3117 1253 3178 invenies
1277 3119 1428 3178 eumiiio

201 3209 204 3215 ’
279 3225 341 3298 jam
363 3231 507 3298 tempore
533 3229 653 3296 ortum,
685 3237 750 3300 quo
772 3219 895 3280 tabulae
918 3219 1154 3282 deMelnnthio
1175 3220 1251 3300 fingi
1267 3221 1429 3284 omnium·-

280 3322 341 3404 que
363 3342 419 3382 ore
442 3333 516 3382 stant
538 3334 666 3401 coeptae
688 3319 853 3400 divulgari,
874 3321 970 3404 quod
988 3323 1115 3405 quidem
1140 3325 1172 3385 in
1195 3325 1332 3406 primurn
1354 3335 1429 3404 post

279 3423 448 3484 Melantbii
470 3431 602 3484 aetatem
625 3424 763 3484 seculum
785 3417 913 3502 incidit,
946 3445 1000 3486 seu
1030 3425 1234 3489 novissimum
1256 3427 1428 3489 terminum

281 3523 460 3606 quaesieris,
486 3517 569 3604 apud
592 3525 771 3603 stobaeum,
797 3527 900 3608 quinti
922 3527 1236 3615 secttliscriptorem,
1258 3521 1429 3592 nonnullos

280 3644 389 3688 versus
410 3625 561 3704 Diogenis
577 3628 816 3707 nominsleges
833 3628 870 3714 1).
917 3631 1020 3712 Atque
1050 3629 1191 3694 homines
1221 3623 1310 3693 mralti
1338 3631 1429 3712 iiqne

281 3729 456 3809 gravissimi
477 3732 651 3809 Diogenem
673 3733 818 3812 laudaut,
848 3752 950 3816 neque
972 3733 1005 3794 id
1031 3735 1097 3797 uilo
1125 3731 1220 3798 modo
1245 3733 1429 3796 dubitanter

280 3833 407 3911 iaciunt,
430 3832 484 3894 sed
507 3833 561 3910 ita,
583 3835 672 3916 quasi
691 3835 913 3898 dissensionem
934 3837 1068 3898 aliorum
1088 3849 1142 3899 aut
1163 3836 1350 3916 ignorarint,
1374 3845 1428 3896 attt

281 3950 344 3998 tam
365 3931 467 3999 leuem
491 3937 709 4018 existimarint,
729 3951 765 4001 ut
787 3941 891 4001 nullus
912 3941 999 4002 lours
1021 3952 1145 4020 pateret
1167 3939 1294 4002 errori.=
1322 3935 1430 4000 Exsti-

281 4051 389 4102 terunt
418 4057 512 4116 veru,
545 4061 614 4102 cum
644 4042 756 4104 Graeci
785 4055 885 4104 artem
915 4041 1052 4105 criticam
1075 4044 1250 4124 coepissent
1273 4041 1428 4115 excolere,
1521 4079 1522 4110 ,

280 4142 422 4204 homines
451 4163 508 4204 nee
538 4144 804 4226 tenuis'ingenii,
834 4167 937 4229 neque
967 4146 1147 4208 criticorum
1174 4143 1288 4208 studiis
1316 4141 1429 4206 leviter

283 4284 561 4302 u-——n—-a--nd-

321 4375 324 4380 ’
354 4385 383 4451 1)
401 4385 502 4438 nitram
516 4396 561 4450 aa,
580 4369 731 4454 magonem
750 4401 764 4437 a
783 4383 889 4452 naono,
910 4383 976 4440 coa.
993 4384 1062 4438 atat.
1078 4403 1104 4455 p.
1116 4378 1244 4448 cantur,
1262 4378 1289 4430 tn
1304 4397 1350 4431 eos
1365 4379 1429 4449 poa-

285 4480 324 4524 tas
344 4463 398 4524 no'n
417 4491 472 4526 esse
490 4473 612 4538 relatum,
631 4492 646 4525 e
665 4472 762 4544 quibus
780 4473 913 4528 Stobscus
928 4493 976 4528 sua
993 4471 1147 4544 desumpsit.
1218 4505 1221 4512 ,
