3060 5000
801 324 876 399 324

271 541 308 584 ea
331 517 416 583 vocis
436 525 575 598 potestas
596 514 654 575 hoc
676 512 746 574 loco
770 512 864 593 plane
889 509 1056 574 sufficeret.
1098 506 1288 590 Quanquam
1310 509 1419 574 Flor.

271 621 529 686 Christianus
551 614 591 679 ad
614 616 776 696 Aristoph.
797 617 817 676 l.
839 618 860 676 l.
890 635 1030 678 errorem
1058 633 1121 678 nnn
1150 613 1301 694 compsit.
1345 614 1420 676 Ari-

270 729 438 807 stophanes
452 742 529 786 vero
548 731 767 800 paupertatem
786 722 852 794 ejus
867 718 982 782 levites·
999 717 1132 796 deridet,
1152 717 1303 782 inducent
1318 737 1420 799 quen·

269 829 357 906 dam,
391 828 447 911 qui
477 845 607 905 egenum
638 823 847 905 Lysistratum
877 835 1037 904 comparet
1066 841 1135 884 cum
1164 821 1332 899 Sthenelo,
1361 821 1419 903 qui

269 933 423 996 scenicum
452 939 638 1011 apparatum
668 924 855 988 vendiderit.
905 925 987 987 Nem
1014 925 1058 986 ita
1082 925 1236 988 Xanthias
1263 924 1418 1006 loquitur,

270 1038 370 1116 Vesp.
394 1037 495 1099 13112
525 1045 533 1060 ’

439 1129 458 1202 ό
479 1127 508 1200 δ’
523 1126 726 1214 άνακραγολν
748 1125 908 1216 despuat?
922 1123 1029 1199 ariade
1047 1125 1200 1214 πάρνοπι

438 1229 480 1302 τά
504 1233 590 1319 doio
612 1236 677 1302 cori
699 1233 864 1319 τρίβωνος
884 1231 1139 1321 ἀποβεβληκότι

440 1336 595 1422 Σθενέλῳ
617 1330 659 1402 τά
682 1329 842 1420 σκευάρια
864 1336 1125 1421 διακεκαρμένῳ.

269 1442 370 1519 Quem
393 1440 536 1520 leporem
556 1437 601 1499 ita
624 1438 791 1500 scholiasta
812 1439 1000 1520 explicavit,
1034 1431 1297 1521 quemadmodum
1318 1454 1416 1515 supra

268 1543 440 1610 docuimus.
484 1540 577 1610 Idem,
591 1543 637 1604 ab
653 1541 827 1604 Aristotele
844 1543 931 1604 velut
954 1549 1047 1624 poeta
1069 1549 1337 1611 commemoratur,
1358 1540 1415 1620 qui

266 1647 386 1712 humile
408 1662 505 1724 genus
527 1643 651 1709 dicendi
671 1665 815 1728 sequens,
835 1666 904 1714 cum
926 1644 1088 1728 propriam
1108 1642 1331 1706 vocabulorum
1349 1641 1413 1704 vim

267 1751 386 1833 ubique
411 1747 585 1814 servaverit
607 1767 710 1830 neque
732 1746 915 1828 dignitatem
936 1749 1042 1824 fuerit,
1065 1767 1167 1828 neque
1188 1743 1414 1808 sublimitatem

266 1853 418 1920 orationis
443 1863 609 1916 assecutus.
651 1851 739 1915 Post.
761 1855 821 1914 22³
854 1852 969 1931 λέξεαι
989 1850 1025 1918 δὲ
1049 1843 1149 1936 cipere}
1170 1848 1261 1932 σαφῆ
1286 1849 1340 1914 sni
1363 1841 1413 1932 μή

265 1951 431 2040 ταπεινὴν
454 1955 553 2024 εἶναι.
587 1950 780 2037 σαφεστάτη
804 1959 872 2039 μὲν
894 1945 957 2022 οὖν
978 1959 1070 2020 ἐστιν
1093 1946 1115 2036 ἦ
1136 1957 1171 2018 έν
1193 1951 1263 2018 τοῖν
1285 1951 1411 2035 sopiam

266 2052 457 2146 ὀνομάτων,
473 2049 558 2127 άλλά
572 2054 729 2140 ταπεινοὶ.
752 2051 967 2140 παράδειγμα
980 2054 1016 2122 δέ
1033 2050 1295 2140 ἤΚλιοφάιντοα
1310 2055 1412 2138 nola·

265 2181 317 2233 σια
345 2159 402 2226 καλ
428 2152 450 2242 ἡ
479 2157 667 2226 Σθενέλου.
719 2157 823 2235 Quare
853 2177 916 2220 non
947 2154 1090 2235 condita,
1121 2156 1177 2222 sed
1198 2155 1286 2220 arida
1307 2157 1412 2238 possis

265 2261 387 2327 indoles
414 2261 489 2337 tuit,
517 2279 613 2342 quam
635 2262 860 2344 Aristophanes
886 2260 922 2322 in
945 2258 1103 2341 Gerytade
1130 2262 1284 2341 explosit,
1314 2281 1412 2343 quae·

264 2388 355 2446 rens,
384 2363 541 2448 quomodo
569 2365 666 2428 verba
687 2363 830 2428 Stheneli
854 2363 914 2426 sibi
937 2361 1271 2442 camerescensem,
1303 2376 1411 2426 utrum

265 2472 345 2545 sele,
374 2489 414 2541 an
433 2478 522 2530 aceto
544 2464 653 2528 tincta.
693 2467 759 2530 Hos
783 2467 866 2528 enim
889 2485 999 2530 versus
1019 2465 1322 2530 Scholiastacitevit
1344 2467 1409 2534 λλ

265 2569 341 2652 περὶ
364 2564 488 2635 τούτου
509 2566 696 2651 γέγραπται
717 2576 755 2635 έν
778 2564 975 2656 Γηρυτάδῃ·

392 2667 463 2732 Kal
489 2669 559 2740 πῶς
579 2666 640 2753 ἐμοὶ
665 2671 837 2737 Σθενέλου
859 2661 1000 2754 φάγοιμ’
1020 2662 1064 2735 όν
1086 2665 1222 2756 ῥήματα

392 2772 458 2844 Εἰς
482 2767 555 2845 dioc
577 2768 847 2856 ἐμβαπτόμενος
867 2766 889 2856 ἢ
912 2767 1033 2858 ippone
1055 2767 1139 2845 άλασ
1154 2771 1193 2857 ¹).
1233 2783 1237 2790 '

264 2871 351 2950 Quae
372 2871 412 2934 ad
435 2874 517 2937 hunc
545 2871 646 2953 ipsum
675 2889 834 2956 spectare,
867 2875 1047 2939 Athenaeus
1076 2872 1165 2938 docet
1185 2875 1244 2939 1Χ.
1273 2899 1306 2957 p.
1327 2880 1411 2941 367:

263 2970 352 3045 άλῶν
382 2975 417 3042 tt
446 2976 498 3042 sci
528 2969 625 3051 όξονα
646 2977 821 3063 μέμνηται
843 2974 988 3051 decide
1010 2970 1261 3063 Ἀριστοφάνης
1280 2983 1319 3046 έν
1342 2993 1411 3054 τοῖς

262 3081 338 3162 περὶ
361 3078 535 3146 Σθενέλου
557 3079 622 3146 τοῦ
644 3080 807 3164 aperienti
830 3081 944 3164 λέγειν.
992 3078 1102 3144 Eidem
1123 3080 1214 3142 Plato
1235 3085 1410 3163 exprobra·

261 3183 317 3262 vit,
339 3181 424 3266 quod
444 3203 484 3246 ex
506 3180 620 3248 fabulis
641 3182 777 3244 aliorum
797 3184 951 3248 nonnulla
973 3183 1006 3244 in
1029 3203 1119 3248 suum
1141 3203 1232 3248 usum
1253 3186 1409 3249 vertisset.

261 3287 444 3366 Harpocrat·
466 3301 491 3352 s·
513 3307 544 3350 v.
565 3284 734 3359 Σθένελος
759 3284 923 3374 έκοιμῴόει
953 3285 988 3354 db
1018 3280 1126 3354 αὐτόν
1155 3277 1188 3352 ό,
1202 3278 1285 3360 eosic
1304 3280 1407 3354 Πλά-

260 3411 364 3462 ιοινοι
393 3381 560 3462 Λάκαιναι
588 3385 744 3472 φράσαι,
772 3385 816 3463 nic
844 3383 1025 3475 τάλλότρια
1053 3379 1406 3475 ἐπιαφειιριζόμενον.

260 3490 350 3554 Phot.
371 3490 449 3555 Lex.
469 3512 503 3573 p.
524 3493 605 3555 sto:
633 3489 835 3580 ἐκωμῳδεῖτο
857 3490 912 3570 db,
941 3485 985 3565 sic
1005 3485 1048 3560 τά
1071 3483 1231 3575 άλλόκρια
1253 3511 1408 3574 σφετερι-

258 3585 410 3675 ζόμενος.
463 3591 554 3654 Unus
585 3590 712 3656 tandem
738 3593 881 3660 Stheneli
911 3613 1021 3658 versus
1045 3617 1108 3676 ap.
1139 3595 1337 3658 Athenaeum
1361 3595 1404 3654 X.

258 3715 291 3774 p·
307 3695 374 3760 428
395 3692 526 3771 legitur:
926 3709 929 3719 ·

386 3795 480 3872 σΙνοα
500 3798 554 3865 καλ
565 3834 568 3842 ·
579 3799 786 3884 φρονέοντας
804 3805 844 3874 ’ἑο
860 3792 1056 3885 άφροοάναα
1077 3795 1276 3884 άναβάλλιι.

257 3895 350 3964 Unde
381 3919 449 3963 cum
480 3921 583 3982 neque
613 3921 686 3968 αιαε
715 3903 889 3968 hexametri
896 3923 1036 3988 ,bneque
1064 3901 1231 3984 productio
1260 3902 1407 3968 vocabuli

328 4157 359 4229 1)
379 4157 475 4215 Cicero
496 4161 571 4218 Brut.
590 4169 624 4220 et
644 4165 677 4220 de
697 4163 770 4220 Calvi
792 4168 946 4240 eloquentia
965 4179 1112 4222 memorat:
1137 4165 1249 4237 „ltaque
1266 4165 1324 4235 ejus
1343 4184 1405 4220 ora-

257 4245 298 4298 tio
316 4245 399 4301 nimia
426 4250 556 4321 religione
581 4260 714 4309 attenuate
740 4257 825 4311 doctis
849 4269 874 4311 et
898 4267 997 4312 attente
1018 4257 1188 4312 audientibus
1208 4265 1265 4308 erat
1283 4251 1406 4318 illustria3

255 4353 270 4387 a
297 4334 467 4391 multitudine
492 4349 582 4394 autern
610 4353 636 4396 et
659 4363 674 4396 a
700 4344 777 4412 loro,
805 4347 849 4400 eni
868 4357 929 4401 nata
947 4347 1099 4420 eloquentia
1119 4357 1173 4412 est,
1200 4343 1404 4403 devorabatur'',

255 4421 337 4492 Quod
359 4428 482 4497 equidem
502 4430 585 4501 longe
600 4431 676 4488 aliter
694 4434 863 4506 explicarint,
886 4453 919 4492 ac
937 4433 1126 4493 Schutaius
1142 4435 1333 4504 interpretatus
1354 4444 1404 4487 eat-
