3076 4998
786 315 862 386 200

261 493 344 566 haud
364 501 458 564 alium
479 512 636 562 oratorem
656 499 756 577 illum,
776 493 1017 579 aliuinspotltem
1039 515 1105 558 esse
1123 493 1280 573 viderunt,
1302 495 1361 578 qui
1381 518 1406 557 a

181 638 189 648 ·
261 607 413 689 Dionysio
435 625 545 667 revera
566 617 690 667 necatus
712 615 769 666 est.
816 602 897 667 Nem
918 599 1078 682 Antiphon
1101 597 1244 682 quidam
1272 611 1309 660 ut
1327 598 1407 660 ‘Ari-

261 712 388 773 stotelea
408 711 502 772 Rhet.
522 709 559 785 ll,
579 701 602 770 o
623 718 765 784 testatur,
786 727 804 767 a
825 699 980 789 Dionysio
1003 704 1113 786 cepitis
1135 699 1308 780 diiunctus,
1330 723 1408 764 cnm

261 814 338 876 elios
346 857 355 891 ,
387 831 492 874 secum
516 809 697 886 damnatos,
724 811 883 874 obvolutis
912 804 1088 894 capitibus,
1107 806 1147 870 ad
1167 817 1302 868 mortem
1329 806 1408 870 duci

261 915 399 980 viderett
428 915 471 980 Τι’
492 905 763 1000 ἐγκαλύηῗτεσθες
782 914 895 996 inquit,
914 910 937 1000 ἦ
953 911 1004 998 μή
1020 910 1142 993 alneto
1162 925 1214 984 τίς
1232 906 1327 994 ὑμᾶς
1346 909 1408 998 ἴδῃ

257 1015 409 1098 sednon
450 1013 538 1093 Quae
561 1011 966 1099 nequequam'dubitamus,
988 1009 1127 1099 qutin'ad
1148 1009 1280 1076 eundem
1303 1017 1408 1095 perti-

262 1135 373 1200 neant,
405 1141 500 1204 quem
521 1120 705 1184 Atistoteles
727 1120 899 1204 quinquies
922 1131 1090 1196 memorat,
1122 1137 1280 1202 quemque
1306 1118 1408 1190 modo

262 1215 385 1306 politum
408 1237 515 1303 vocat,
543 1217 844 1303 modoseri‘ptorem
862 1225 997 1286 :tubuas
1015 1222 1111 1300 dicit,
1135 1237 1224 1306 qius
1242 1224 1409 1302 Meleager

262 1329 321 1390 luit
342 1327 503 1410 inscripto.
546 1326 750 1408 Quapropter
769 1340 900 1406 constet,
921 1317 1050 1408 postem
1064 1327 1219 1394 scenicum
1240 1347 1258 1388 a
1278 1327 1406 1409 Diony-

262 1433 308 1494 sio
332 1432 466 1492 occisum
489 1451 565 1494 esse.
606 1431 698 1492 Hunc
724 1443 830 1493 autem
857 1433 896 1492 ab
913 1426 1089 1513 =i1tis,‘qut
1116 1429 1339 1495 Rhamnusium
1366 1431 1401 1492 in

261 1534 367 1596 Sicilia
386 1533 500 1596 obiisse
522 1533 650 1610 iaciunt,
671 1555 740 1595 cum
762 1547 889 1598 oratore
910 1531 1168 1603 inconsideratius
1187 1546 1402 1612 permutatum

262 1655 337 1716 esse,
359 1635 433 1698 inde
456 1636 623 1716 colligitur,
637 1635 731 1720 ·quod
753 1636 848 1698 iidem
871 1638 991 1698 fabulas
1010 1636 1154 1706 tribuunt
1176 1636 1306 1714 oratori,
1330 1659 1404 1705 cum

262 1741 372 1803 mortis
396 1761 509 1820 genere
532 1741 625 1804 simul
645 1739 783 1802 studium
804 1741 907 1822 petiole
928 1725 967 1804 ad
981 1739 1205 1804 Rhamnusium
1221 1735 1405 1810 relerentes.

246 1843 598 1907 'Pseudo-Plutarchus
620 1844 703 1906 enim
724 1839 828 1906 addit:
856 1844 985 1929 λέγεται
1007 1843 1043 1910 δὲ
1064 1832 1247 1929 tpoypdicc
1266 1853 1405 1912 ocrisi-

261 1971 320 2014 ouc
343 1949 396 2014 καὶ
420 1947 508 2034 ἰδίᾳ,
538 1948 593 2014 nul
619 1939 685 2016 otiu
709 1947 869 2034 Διονυσίῳ
890 1949 936 2030 τῷ
957 1938 1123 2031 τυράννῳ.
1171 1945 1270 2009 Error
1293 1945 1402 2024 igitur,

263 2049 296 2108 in
319 2070 383 2130 quo
406 2051 507 2111 nostri
528 2049 670 2111 homines
691 2062 873 2129 versentur,
905 2049 944 2110 de
966 2047 1133 2128 tragoediis
1152 2048 1331 2110 Rhamnuaii
1351 2049 1400 2110 to

264 2161 412 2232 quentes,
443 2150 516 2212 inde
543 2163 609 2212 tom
640 2150 844 2230 derivandae,
874 2170 969 2234 quem
994 2149 1187 2214 refellendus
1213 2164 1268 2214 est.
1315 2147 1400 2213 Vide

262 2255 332 2317 Lil.
344 2254 508 2338 'Gyrold
530 2279 562 2336 p.
578 2247 653 2340 278,
672 2256 845 2317 Dclrinm
863 2257 1043 2335 ·Prolsgom.
1062 2255 1096 2316 in
1111 2253 1221 2318 Sencc.
1237 2256 1294 2333 lX,
1313 2256 1406 2316 Vos·

264 2357 356 2420 sium
381 2381 413 2439 p.
436 2361 494 2437 42,
528 2361 691 2422 Passow.
712 2359 852 2421 Lineam.
874 2359 930 2422 Gn
951 2372 984 2424 et
1003 2350 1093 2421 Rom.
1111 2359 1175 2420 Lit.
1196 2360 1277 2422 Hist.
1300 2381 1332 2440 p.
1353 2362 1404 2422 86.

263 2461 329 2522 Nec
358 2481 435 2525 vcro
465 2461 648 2540 doluerunt,
677 2462 733 2544 qui
752 2474 917 2524 oratorem
946 2484 965 2523 a
989 2470 1082 2544 potito
1106 2460 1338 2540 discernerent,
1363 2475 1400 2526 ut
1526 2483 1527 2514 1

263 2565 448 2644 Taylorus
476 2565 563 2627 Lect.
592 2567 712 2648 Lysiae.
735 2568 819 2642 Vll,
842 2559 997 2629 lonsius
1024 2566 1140 2647 Script.
1165 2566 1245 2626 Hist.
1270 2565 1329 2628 Ph.
1347 2568 1406 2628 tv.

264 2689 297 2747 p.
318 2671 398 2746 247,
429 2669 618 2750 Spernius
648 2670 698 2731 De
727 2670 915 2750 Antiphoni.
943 2691 968 2730 c.
990 2676 1021 2731 4.
1044 2691 1077 2750 p.
1098 2671 1175 2746 1⁷2,
1204 2668 1403 2732 Fabricius

264 2771 346 2832 Bibl.
369 2773 423 2836 Gr.
444 2776 481 2837 T.
498 2776 538 2837 lI.
562 2798 594 2856 p.
609 2779 689 2852 284,
711 2775 929 2837 Meinckius
951 2775 1031 2839 Hist.
1052 2773 1277 2856 erlapold,
1297 2775 1404 2838 wst-

263 2875 399 2938 ckerus
418 2879 513 2958 ,Trag
537 2864 591 2940 Gr.
612 2880 647 2941 P.
663 2877 717 2939 111.
738 2901 771 2960 p.
790 2881 884 2940 1040.

351 2978 437 3056 Quae
465 2997 534 3044 cum
560 2982 605 3043 ita
634 2982 715 3059 sint,
745 2981 784 3043 de
808 2973 1003 3064 Antiphonte
1026 2981 1102 3051 tinec
1125 2997 1368 3062 proponamus,
1386 2999 1406 3040 a

264 3084 398 3146 veritate
414 3085 494 3146 nihil
511 3083 697 3150 recedentia.
740 3085 814 3147 Fuit
833 3085 1007 3166 Antiphon,
1027 3083 1161 3162 tragicus
1179 3091 1280 3164 pocta,
1301 3101 1404 3164 quem,

265 3189 349 3250 bello
371 3187 673 3269 Carthaginiensium
694 3190 844 3268 conlecto,
866 3189 1036 3272 Dionysius
1060 3185 1111 3252 01.
1125 3190 1177 3266 ot,
1194 3196 1216 3251 4
1236 3186 1404 3264 arcessivit,

266 3291 353 3353 utin
378 3295 602 3374 compositione
624 3294 800 3356 fabularum
824 3285 884 3356 sihi
906 3306 970 3356 tem
993 3293 1142 3369 aemulus,
1165 3300 1260 3374 qoam
1280 3288 1406 3367 adjutor

266 3408 355 3456 esset.
399 3397 484 3459 Idem
501 3397 638 3460 indolem
660 3399 769 3462 habuit
790 3399 943 3463 libertatis
965 3396 1206 3460 amantissimam
1227 3395 1405 3475 salibusque

266 3497 310 3558 ita
332 3499 504 3578 fecundam,
530 3513 575 3580 ut,
601 3503 736 3566 instante
758 3505 869 3567 mortis
889 3504 1050 3586 periculo,
1063 3503 1259 3568 teterrimum
1279 3500 1405 3584 tyranni
1526 3525 1527 3552 l

266 3602 425 3680 ingenium
447 3623 580 3688 eosque,
609 3609 724 3690 quibua
752 3609 841 3691 quasi
863 3609 1014 3670 ministris
1035 3605 1228 3668 crudelitatis
1252 3606 1403 3682 utebatur,

267 3718 463 3768 contemnere
485 3710 598 3789 magis,
626 3733 720 3794 quam
742 3714 794 3774 vel
815 3723 948 3774 mortem
972 3696 1209 3792 pertimescere,
1235 3705 1287 3772 nel
1302 3707 1406 3770 detri·
1525 3719 1526 3746 ³

265 3819 407 3871 mentum
434 3811 517 3876 vitoe
548 3825 653 3894 posset
680 3815 855 3898 deplorare.
904 3813 985 3877 Illud
1011 3834 1137 3897 qnoque
1166 3835 1208 3876 ex
1236 3809 1404 3874 Aristotele

267 3927 415 3996 apparet,
445 3917 633 3999 supplicium
663 3918 776 3997 injuste
805 3918 844 3980 dc
872 3917 941 3998 ipso
964 3930 1122 3999 sumptum
1145 3937 1222 3980 osee.
1264 3917 1308 3977 At
1329 3933 1404 3980 vero

267 4017 305 4079 de
327 4019 475 4099 crimine,
506 4026 591 4098 cujus
613 4041 631 4082 a
652 4016 788 4104 tyranno
815 4021 1012 4084 insimulatus
1039 4033 1104 4100 est,
1136 4020 1306 4100 scriptores
1326 4018 1406 4079 nihil

268 4124 345 4184 certi
366 4135 421 4184 aut
444 4123 667 4204 prodiderunt,
697 4136 751 4186 aut
772 4125 976 4188 resciverunt.
1027 4124 1090 4202 Qui
1111 4124 1329 4186 dissentientes
1349 4123 1405 4182 hac

267 4225 300 4284 in
314 4247 359 4302 re,
380 4248 449 4289 cum
468 4227 531 4308 ipsi
549 4229 699 4292 haberent
719 4229 798 4290 nihil
820 4241 1023 4308 compertum,
1048 4229 1197 4312 quoniam
1217 4225 1406 4308 Dionysium

270 4339 302 4388 et
323 4329 449 4408 imperii
468 4330 631 4394 amittendi
649 4343 734 4396 metu
757 4343 789 4396 et
810 4330 955 4412 cupidine
977 4332 1092 4412 poetici
1113 4331 1242 4397 honoris
1261 4329 1407 4408 flagrasse

270 4445 467 4514 acceperant,
495 4456 628 4499 caussam
652 4439 717 4514 ejus
736 4436 847 4500 mortis
868 4435 961 4520 modo
982 4436 1020 4498 in
1037 4435 1238 4501 liberioribus
1258 4429 1405 4508 dicteriis,
