3076 4998
707 287 785 366 216

173 471 268 566 plura
298 471 484 551 conjungere
514 467 625 539 velitis
648 473 759 557 ltaque
788 475 944 543 sententia
972 474 1136 560 particulis
1161 471 1225 550 oda
1253 476 1317 565 ἤδη

173 596 324 658 expressa
344 573 610 654 argumentationi
631 577 815 660 philosophi
834 579 926 646 valde
947 592 994 646 est
1015 599 1203 662 congruens3
1234 603 1316 644 eam·

171 687 233 763 que
257 676 517 756 desideraremus,
539 677 785 745 etiamsiomni's
804 683 957 750 librorum
979 685 1119 747 obstaret
1139 673 1315 748 auctoritas.

169 781 246 845 Non
269 799 344 844 usus
366 791 559 858 metrorum,
589 780 711 862 inquit,
741 781 953 849 eedimitatic
974 783 1049 846 iacit
1069 792 1204 864 politam.
1247 779 1315 860 Jam

169 899 207 950 ut
225 887 367 968 singulos
389 885 574 950 imitationis
594 885 705 952 modos
725 887 869 956 adhiberi
885 902 917 952 et
933 891 1040 972 plures
1059 889 1151 951 simul
1171 885 1316 966 conjungi

167 986 507 1073 posse·animadvertit
530 987 568 1074 (d.
586 985 649 1076 4.);
671 990 715 1054 sic
736 991 893 1074 duplicem
914 1005 1090 1077 metrorum.
1109 1013 1205 1064 usum¹
1220 1009 1316 1070 agno.-

168 1092 247 1171 ecit,
279 1091 355 1154 dum
377 1103 433 1156 aut
455 1112 539 1172 nno,
571 1104 637 1158 eut·
651 1095 808 1175 pluribus,
826 1100 991 1178 generibus
1019 1108 1160 1167 utantur.
1202 1095 1314 1178 Neque

163 1193 429 1258 emendationem
453 1197 624 1260 uerborum
649 1199 692 1266 ,ei
721 1223 774 1274 em
803 1213 936 1270 motem
968 1200 1171 1265 necessariam
1203 1200 1314 1262 haheo.

168 1298 254 1360 Nam
274 1299 341 1362 illie
364 1297 492 1383 quidem
514 1317 579 1367 non
600 1299 691 1368 faetta
713 1301 885 1381 assentior,
917 1303 974 1386 qui
993 1303 1183 1368 locutionem
1205 1313 1313 1369 ramei-

166 1407 256 1466 σθαι
276 1399 425 1485 μίμησιν
447 1421 520 1465 non:
533 1413 597 1468 tutu
619 1401 659 1472 de
681 1403 751 1485 ipse
770 1404 964 1486 imitatione,
987 1429 1082 1490 quam
1103 1405 1143 1470 de
1163 1403 1313 1478 imitatio-

166 1502 219 1565 nis
245 1515 359 1568 conatu
381 1503 554 1584 accipiunt,
589 1526 691 1588 neque
706 1509 795 1571 ¹haec
817 1508 985 1590 explicatio
1007 1508 1047 1572 ad
1076 1506 1313 1590 interpretatio·

165 1627 240 1668 nem
257 1605 511 1688 expediendam,
528 1605 735 1672 eniteretur
790 1611 862 1674 Ait:
892 1608 977 1690 „Qui
1004 1612 1162 1691 imitatur,
1194 1609 1228 1672 id
1256 1620 1312 1688 cel,

166 1716 263 1790 poeta
294 1709 438 1792 pluribus
467 1721 640 1775 metrorum
668 1709 846 1790 generibus¹
862 1715 994 1792 junctis,
1007 1781 1010 1788 ,
1025 1735 1090 1778 non
1112 1726 1159 1778 eet
1180 1723 1312 1795 propter

166 1816 431 1877 eam'metrorum
453 1812 701 1892 copulationem,
731 1812 786 1876 sed
817 1815 892 1897 quia
919 1815 960 1881 ad
988 1817 1088 1897 ipsam
1117 1837 1150 1888 ee
1179 1814 1311 1888 contulit

168 1915 398 1992 imitationem,
426 1913 636 1980 nominandus
656 1915 777 1996 poetal’
817 1918 888 1983 lam
907 1929 945 1981 ut
964 1931 1130 2000 appareat,
1150 1915 1311 2001 quomodo

164 2018 354 2082 Aristotelea
383 2015 523 2080 indolem
555 2017 706 2083 Centauri
736 2017 953 2101 descripserit,
985 2020 1049 2084 duo
1076 2039 1199 2100 errores
1220 2018 1311 2096 nobie

156 2120 327 2186 refutandi
356 2133 440 2184 sunt.
494 2121 574 2186 Nem
605 2120 869 2196 Casauhonus
900 2122 938 2190 de
967 2123 1062 2188 Satir.
1090 2126 1180 2188 Polis.
1207 2124 1305 2201 11‚‚11

164 2237 275 2308 putat,
304 2224 349 2287 sic
369 2225 572 2289 Aristotelem
589 2222 638 2289 ‘de
666 2225 789 2304 poetica
817 2223 923 2289 indole
946 2223 1309 2308 Chaeremoniealiquid

165 2328 334 2390 detrahere
355 2327 549 2412 votuisse1).
599 2326 663 2398 Sed
685 2340 807 2400 tantum
828 2330 932 2408 abeat,
953 2341 989 2392 ut
1009 2330 1215 2410 philosophus
1237 2347 1309 2408 eum

163 2429 374 2510 vituperatit,
404 2442 440 2492 ut
462 2454 479 2493 e
499 2432 619 2514 potitis,
638 2431 700 2514 ‚qui
721 2431 809 2498 uaria
829 2444 932 2506 msetua
951 2431 1151 2512 miscuerint,
1174 2429 1309 2497 Chaere.-

79 2565 81 2569 ·
163 2543 291 2598 monem
320 2536 458 2615 exempli
486 2536 587 2599 instar
616 2527 803 2617 appellarit,
834 2534 925 2618 quasi
949 2534 1176 2602 nobilissimum
1197 2534 1308 2599 talium

163 2638 338 2702 carminum
366 2647 512 2719 poetam-
548 2639 888 2710 Cl..Diurn,.‘Jenens.
916 2641 1108 2702 ann01805.
1159 2638 1308 2702 Ritter.

94 2785 101 2792 -
162 2741 204 2804 ad
230 2741 362 2810 Arnum.
383 2743 405 2802 l.
427 2744 451 2807 l.
503 2739 565 2804 Sed
591 2761 647 2808 cur
669 2741 861 2806 Centaurum
884 2740 1106 2806 Chaeremonis
1133 2737 1307 2828 ῥαψῳδίαν

162 2841 261 2906 dicit?
304 2843 417 2926 Neque
446 2846 530 2910 enim
559 2845 714 2914 Athenaei
741 2844 922 2919 teatinonio
952 2843 1098 2916 instructi
1120 2841 1307 2915 dubitamus,

122 2981 127 2986 ·
162 2946 242 3028 quin
263 2946 468 3032 reredpripe
489 2947 608 3029 lueritp
621 2965 694 3011 nam
705 2946 752 3014 ,iar
772 2951 812 3013 du
829 2946 866 3016 δὲ
880 2941 1079 3028 Κενταύρῳ,
1092 2942 1177 3025 ὅπερ
1191 2943 1305 3026 δρᾶμα

163 3040 382 3134 ῳαλύμαααόν
403 3054 506 3121 donau.
554 3048 621 3114 Sed.
645 3047 813 3130 ancipitem
840 3045 1002 3124 vocabuli,
1035 3062 1100 3126 quo
1127 3045 1306 3112 Athenaeus

162 3150 552 3234 numerumnunerum
574 3154 939 3228 hahetllermannus,
963 3147 1111 3231 quoniam
1133 3143 1305 3227 dithyram-

162 3254 222 3316 hne
251 3252 419 3319 Philoxeni
443 3256 486 3320 'in
518 3255 668 3322 dramatis
700 3263 906 3332 numeretur,
933 3272 1006 3316 nam
1035 3246 1241 3328 Aristotelem·
1266 3245 1304 3308 de

162 3354 339 3434 Centauro,
360 3357 448 3420 velut
469 3359 559 3440 epico
581 3359 734 3438 carmine,
754 3355 856 3440 loqui.
899 3353 1018 3416 Contra
1037 3353 1081 3432 is,
1101 3351 1157 3435 qui
1178 3349 1217 3414 de
1240 3349 1305 3414 edi-

162 3453 249 3518 tione
271 3459 476 3524 Hermanni
498 3463 533 3524 iu
554 3463 669 3528 Diurn.
688 3465 813 3525 Jenens.
838 3481 866 3522 a.
892 3459 975 3520 1805
1003 3455 1169 3536 judicavit,
1199 3456 1304 3521 verbis

160 3555 289 3646 μικτὴν
318 3561 493 3650 ῥαψῳδίαν
521 3565 600 3630 αδαο
629 3566 765 3628 offensus
796 3553 861 3642 eat,
894 3572 929 3624 ut
959 3571 1089 3642 cuperet
1117 3582 1154 3624 ea
1183 3559 1304 3640 ejicere.

161 3663 334 3728 Rittcrns
355 3665 509 3750 denique:
543 3674 735 3751 „Centaurum
757 3667 1041 3750 chaeremonem.
1063 3661 1237 3751 ῥαψῳδίαν
1261 3671 1305 3732 in·

161 3780 237 3830 certo
257 3774 366 3832 nomin
385 3774 518 3838 oocacit’l
566 3771 653 3852 Quae
673 3771 772 3852 igitur
792 3767 944 3857 ῥαψῳδία
973 3786 1013 3829 eo
1033 3778 1080 3830 est
1101 3787 1210 3844 sensu,
1240 3785 1303 3846 quo

159 3867 237 3932 dicit
258 3868 467 3935 Aristoteles?
510 3875 651 3954 Vereor,
677 3885 714 3934 ut
734 3872 804 3954 quis
825 3880 968 3932 nostrum
988 3871 1047 3932 hec
1067 3887 1144 3932 vocs
1163 3866 1304 3947 philoso-

160 3971 259 4053 phum
282 3990 406 4034 carmen
427 3986 610 4042 contextum
631 3989 727 4059 atque
744 3972 1000 4051 consarcinatum,
1021 3983 1057 4034 ut
1070 3969 1176 4035 vorbis
1191 3970 1302 4030 llenr.

231 4207 262 4278 1)
279 4207 450 4283 Suffragatus
469 4219 507 4264 est
526 4211 550 4264 ei
565 4183 658 4289 puper
677 4230 824 4284 generosus
841 4209 1032 4283 magistrorum
1051 4214 1236 4278 contemptor,
1256 4205 1302 4278 qul

157 4295 271 4354 Literar.
291 4296 365 4354 Diar.
383 4296 489 4355 llalena.
506 4299 578 4354 1841
603 4297 637 4352 de
661 4317 744 4370 opera
762 4296 902 4370 judicarit,
927 4313 1008 4368 quam
1033 4293 1253 4368 llartungine
1274 4293 1302 4352 in

159 4383 298 4457 lphigenia
315 4383 454 4442 Aulidenai
472 4387 575 4443 edenda
595 4385 747 4444 collocarit.

1418 3875 1432 3906 Ι
