3086 4992
809 311 882 383 112

268 504 364 566 octies
387 500 550 564 victoriam
572 511 619 560 est
642 509 842 575 consecutus,
863 508 898 556 ut
922 506 1070 572 testatur,
1097 496 1154 577 qui
1173 517 1299 558 carmen
1321 517 1417 579 supra

269 607 465 687 propositum
488 603 632 684 sepulcro
655 601 831 682 inscripsit:

233 708 237 718 “
310 712 347 772 ἐν
369 706 404 774 dt
426 708 534 795 χορῶν
554 702 750 790 (τραγικῶν)
771 699 867 788 tepus
889 702 973 786 optol
997 704 1051 770 stul
1071 695 1136 794 δέχ’
1151 701 1312 789 ἁμίλλαις

310 803 393 874 durni
416 803 626 892 α’γηραὶναανς
647 797 859 890 α’μφεθὲμηα
880 801 1078 889 στεφάνους.

269 912 370 988 Quem
411 913 602 993 praeclaram
645 910 708 971 loci
745 907 1013 987 emendationem,
1058 909 1115 990 qui
1151 910 1183 970 iu
1216 910 1306 972 libris
1344 931 1417 992 per·

268 1035 362 1097 quam
385 1025 552 1095 corruptus
580 1025 643 1090 est,
678 1012 797 1093 purtim
831 1010 1073 1092 Tyrwhitto
1102 1010 1267 1092 dehemus,
1302 1017 1415 1094 purtim

268 1116 509 1178 Ruhnkenio.
552 1113 615 1177 Sed
638 1113 760 1176 cumin
783 1131 821 1174 eo
843 1112 1037 1193 poeticarum
1058 1111 1189 1176 numeru
1209 1116 1415 1196 persistimus,

269 1219 413 1281 nonnihil
442 1217 634 1281 difficultatis
664 1219 759 1280 habet
787 1214 958 1278 multitudo
987 1216 1180 1297 fabulosum,
1209 1219 1248 1280 ab
1277 1221 1414 1303 antiquis

268 1324 473 1405 scriptoribus
496 1334 677 1387 memorata.
720 1322 801 1384 Nam
823 1319 936 1384 Suides
957 1341 983 1382 s.
1003 1340 1034 1383 v.
1056 1314 1212 1404 δράματα
1234 1319 1269 1388 ot
1291 1321 1415 1400 ἐδίδαξα

269 1420 312 1509 n·',·
340 1426 477 1490 Eudocia
501 1446 565 1488 non
587 1421 734 1488 distincte
755 1443 920 1487 numerum
942 1421 1112 1502 siguificat,
1139 1423 1317 1504 Stephanus
1338 1427 1413 1507 Byz-

269 1547 364 1590 vero:
393 1525 430 1604 ὃς
452 1531 588 1614 ἐποίησε
609 1529 795 1617 τραγῳδίας
815 1521 857 1596 α’.
909 1525 1030 1603 Quodsi
1055 1527 1138 1590 enim
1164 1529 1356 1592 Theodectes
1380 1531 1414 1590 iu

268 1633 437 1693 certamina
460 1632 575 1695 detulit
597 1643 701 1695 ternus
723 1629 899 1712 tragoedias
921 1630 1120 1713 singulasque
1140 1631 1179 1694 iis
1200 1631 1341 1711 sdjunxit
1362 1653 1413 1695 sa·

267 1735 382 1816 tyricss
404 1736 541 1814 fabulas,
563 1736 652 1798 utin
673 1755 761 1799 more
784 1735 984 1816 superiorum
1006 1743 1170 1816 poetarum
1191 1738 1267 1815 fuit,
1288 1739 1414 1820 quaeri-

269 1861 354 1920 mus,
383 1861 483 1924 quare
505 1835 568 1903 non
591 1839 668 1904 duas
690 1854 722 1903 et
744 1841 972 1924 quinquaginta
994 1841 1114 1904 fabulas
1135 1837 1319 1923 scripserit?
1363 1843 1414 1904 An

267 1967 334 2008 rem
353 1947 397 2010 ita
415 1967 520 2012 censos
540 1940 757 2026 muts-tam,'ut
771 1948 911 2027 singulae
926 1949 1049 2011 fabulae
1062 1948 1101 2008 sb
1115 1963 1305 2029 unoquoque
1320 1955 1414 2027 poe'ts

266 2052 454 2114 docerentur
484 2053 614 2132 singulis
640 2051 776 2115 diebus?
818 2052 897 2116 Cum
928 2051 991 2115 duo
1021 2052 1188 2132 scriptores
1211 2052 1415 2127 consentiant,

266 2175 322 2215 nec
344 2154 443 2235 possit
462 2152 502 2216 ds
522 2155 676 2216 librorum
697 2156 898 2236 corruptione
920 2155 1049 2234 cogitari
1077 2167 1109 2216 et
1134 2172 1204 2215 cum
1232 2154 1322 2234 copia
1348 2173 1415 2215 cer·

268 2257 418 2320 teminum
440 2256 480 2321 sd
502 2259 678 2320 fabularum
700 2257 934 2322 multitudinem
954 2260 1100 2340 proxime
1124 2256 1265 2337 accedet,
1295 2257 1415 2322 etiamsi

266 2363 421 2424 rationem
443 2362 528 2423 illius
551 2361 689 2424 instituti
711 2363 876 2425 habeamus
884 2408 893 2441 ,
926 2375 1067 2426 auctores
1094 2363 1158 2441 illi,
1193 2373 1273 2444 quot
1293 2363 1414 2424 fabulas

268 2459 402 2526 ediderit
423 2463 633 2543 Theodectes,
664 2477 807 2528 accurate
830 2464 977 2529 videntur
997 2465 1128 2528 definite
1149 2466 1295 2528 noluisse.
1345 2467 1414 2527 Hoc

269 2585 371 2646 nuper
401 2569 494 2631 etiam
524 2570 620 2631 sensit
647 2571 892 2633 Welclserus
921 2573 1013 2650 Trag.
1042 2569 1098 2632 Gr.
1128 2571 1163 2631 Ρ.
1185 2571 1237 2633 lll.
1265 2591 1297 2651 p.
1320 2572 1414 2631 totu.

270 2670 413 2732 Alterum
435 2671 536 2732 multo
558 2671 659 2734 levius
683 2685 746 2750 est,
779 2672 865 2756 quod
885 2673 1063 2754 Stephanus
1085 2684 1209 2736 structas
1227 2669 1413 2733 Theodectis

269 2771 389 2836 lubulss
417 2791 478 2855 pro
509 2773 677 2855 tragoediis
706 2776 831 2854 habuit,
863 2789 1013 2860 tanquam
1042 2777 1069 2837 is
1093 2787 1214 2858 satyros
1238 2772 1413 2854 scripsisset

269 2879 383 2939 nullos.
427 2878 508 2941 Nam
530 2891 562 2942 et
584 2880 657 2942 talis
678 2881 865 2960 negligentia
893 2879 989 2962 apud
1007 2891 1128 2942 veteres
1157 2880 1331 2964 scriptores,
1349 2877 1414 2938 fre·

267 2981 471 3060 quentissima
497 2995 545 3047 est
573 2996 604 3046 et
626 2982 737 3047 Suidas
767 2985 939 3046 accuratius
961 2984 1121 3066 loquitur,
1153 2985 1228 3047 luec
1247 3000 1344 3064 opera
1366 2981 1413 3044 di·

267 3093 350 3144 serte
372 3076 529 3169 δράματα
553 3073 746 3168 nhnuspsns.
789 3087 858 3148 Hoc
886 3098 1002 3150 sutem*
1019 3107 1133 3166 genere
1161 3103 1316 3166 magnum
1330 3105 1413 3147 asse-

267 3195 357 3248 cutus
378 3199 426 3249 est
448 3177 577 3268 nomen,
604 3202 640 3251 ut
661 3189 750 3270 copia
773 3189 974 3252 victoriarum
996 3187 1149 3266 ostendit,
1178 3187 1244 3250 sive
1264 3185 1413 3248 oratoriis

268 3290 404 3368 artibus,
434 3313 515 3374 qtrss
537 3305 605 3354 tum
628 3293 661 3352 in
683 3291 853 3372 tragoediis
874 3287 1045 3374 plurimum
1066 3291 1228 3368 valebant,
1257 3291 1323 3354 sive
1344 3289 1413 3352 eliis

268 3411 335 3454 enm
359 3395 484 3455 ornavit
504 3395 682 3473 virtutibus,
704 3397 812 3478 quales
832 3397 865 3462 ln
881 3417 961 3460 uera
982 3394 1070 3478 poesi
1087 3395 1220 3458 maxims
1235 3392 1414 3456 desideran-

270 3504 344 3554 tur.¹
375 3490 487 3577 Neque
506 3497 604 3575 igitur
623 3491 725 3560 inanis
748 3511 795 3563 est
816 3504 883 3577 ejus
904 3502 989 3577 laus,
1012 3501 1067 3582 qui
1088 3501 1170 3562 hunc
1193 3499 1267 3560 lecit
1288 3495 1414 3579 praedi·

271 3605 401 3674 cantem,
423 3617 456 3660 se
478 3601 638 3663 alumnum
657 3605 822 3666 ¹Musarum
845 3625 920 3667 esse.
932 3599 936 3606 ’
948 3601 1229 3686 διαραΒγαααΜ.
1242 3604 1264 3662 l.
1308 3600 1415 3676 Quan-

269 3719 363 3781 quam
386 3719 499 3763 nomen
523 3706 648 3784 tragici,
672 3727 736 3788 quo
759 3729 851 3788 saepe
873 3709 1047 3789 appellatus
1069 3720 1132 3784 est,
1160 3709 1272 3786 Aspus.
1287 3701 1327 3765 ad
1341 3703 1415 3764 Ari-

267 3813 342 3865 stut.
360 3804 431 3866 Eth.
446 3803 567 3872 Nicom.
582 3811 649 3887 Vll,
663 3812 692 3888 7,
707 3815 739 3873 u.
784 3811 882 3872 Cleon.
903 3810 1074 3874 Alexandr.
1093 3810 1210 3872 Strom.
1220 3809 1277 3870 Vl.
1296 3827 1327 3887 p.
1339 3808 1415 3882 623,

268 3922 467 3988 nequaquam
489 3911 528 3970 ab
557 3911 728 3975 illustriore
753 3931 886 3996 operum
912 3932 1026 3994 genere
1048 3912 1163 3990 traxit,
1194 3923 1228 3974 ut
1256 3927 1321 3971 nun
1350 3921 1415 3970 tsm

269 3995 463 4074 orationibus
486 4001 648 4093 videatur,
680 4037 773 4098 Qum
802 4015 970 4097 tragoediis
998 4017 1189 4080 excelluisse.
1241 4015 1309 4075 Hoc
1327 4014 1416 4075 euim

137 4129 141 4135 ·
267 4107 308 4172 iis
328 4123 450 4182 tuntum
472 4116 506 4176 in
527 4117 604 4178 locis
629 4121 740 4198 habet,
763 4121 816 4182 nbi
836 4121 961 4182 fabulae
982 4128 1049 4198 ejus
1068 4119 1281 4201 appellentur.

353 4215 415 4278 Sed
438 4239 554 4298 paucae
569 4235 648 4284 suut
668 4223 809 4302 fabulae,
836 4243 969 4305 quarum
988 4225 1131 4299 nomina,
1159 4222 1208 4284 vel
1233 4231 1416 4298 argumenta

270 4315 359 4377 nobis
380 4332 559 4398 supersunt.
603 4325 763 4402 Ajacem
792 4325 874 4387 euim
897 4327 1083 4389 Aristoteles
1104 4327 1198 4388 Rhet.
1220 4324 1255 4401 ll,
1278 4325 1319 4385 23
1348 4323 1417 4382 leu-

269 4414 333 4479 dat.
375 4419 461 4481 ldem
483 4424 505 4482 l.
527 4425 549 4486 l.
571 4429 761 4490 mentionem
782 4430 1042 4491 Alcmaeonis
1068 4429 1161 4505 facit,
1193 4422 1416 4505 aPorphyrio
