3076 4998
126 469 247 580 idtlte
274 520 650 591 tempureexstructnm.
700 517 929 596 Welclterus
955 519 1049 603 Tragt
1074 523 1133 589 Gr.
1161 527 1269 596 tatu

125 617 253 696 pilli.
298 613 464 684 statutus
486 615 569 680 ratio
593 619 725 683 Tantali·
741 621 834 688 fuit..'·
864 623 960 702 Cujus
982 645 1095 698 norun
1117 629 1271 695 Grotius

125 719 200 784 Exc.
219 731 272 783 sex·
289 729 370 797 trag.
393 729 425 784 at
447 739 525 788 com·
548 741 582 800 p·
595 727 679 800 ast,
700 742 769 788 cusu
791 723 825 788 in
850 728 1022 809 exemplari
1035 729 1201 796 *Canteri
1217 756 1271 816 ap·

124 824 211 889 Stob.
243 823 356 902 Edam
377 823 437 891 Plt.
463 825 541 901 11,t
575 839 760 907 corruptum
791 830 949 909 legeretur
979 828 1204 934 Ἀριστάρχῳ]
1236 843 1272 904 ἐκ
1382 863 1387 873 ’

129 922 295 1000 ,Τάλως
316 926 396 988 bene
414 926 534 999 referit.
577 931 728 997 Teutalus
750 951 835 1012 voro,
855 932 942 1001 filius:
959 935 1056 1014 loris,
1077 958 1095 998 a
1116 957 1179 1018 quo
1196 960 1271 1018 gens

122 1026 305 1092 Atridarum
329 1027 485 1107 originem
498 1029 618 1109 duxit,
637 1055 697 1114 pst·
717 1050 811 1105 omae
836 1039 921 1112 vitae
939 1050 1062 1120 tempus
1083 1059 1209 1110 summo
1225 1041 1273 1104 fa·

123 1151 201 1195 vore
223 1142 319 1212 atque
334 1131 451 1200 ,intima
474 1135 685 1202 familiaritate
709 1141 888 1206 coelestium
908 1158 983 1208 usus
1005 1153 1062 1206 est.
1110 1140 1202 1213 Unde
1222 1144 1271 1205 in·

123 1235 258 1318 colentia
269 1235 398 1320 relatus,
426 1247 496 1302 cum
517 1239 617 1324 impio
643 1243 958 1310 ac.aoclesto.animo
975 1247 1074 1324 assa,
1097 1257 1134 1317 et
1148 1245 1270 1328 turpis·

123 1335 203 1399 sima
224 1337 339 1402 scelera
361 1341 566 1416 tumulariam
588 1354 620 1406 et
641 1363 764 1424 poenas
780 1359 1008 1426 postmortem
1026 1349 1131 1414 luisse.
1146 1342 1269 1412 dicitur.

122 1437 187 1502 Sed
205 1439 379 1522 antiquitas
394 1441 439 1504 de
464 1445 642 1525 culpaejaa
664 1445 832 1516 admodum
854 1449 1023 1531 discrepat,
1055 1449 1270 1535 ,Quemadmo-
1378 1533 1383 1538 ³

123 1539 198 1606 dum
222 1542 304 1608 euim
329 1565 400 1610 cum
427 1545 461 1606 iu
490 1548 676 1613 commercio
702 1552 868 1633 epulisque
891 1551 1023 1620 deorum
1044 1551 1179 1617 adfuisse
1203 1576 1271 1618 cre-

123 1643 270 1723 deretur,
290 1647 351 1711 alii:
367 1650 532 1731 mysteria,
551 1652 608 1716 alii
629 1654 714 1719 cibos
737 1655 917 1722 coelestium
938 1655 978 1716 de
999 1657 1113 1720 mensis
1132 1658 1270 1721 furatum

123 1751 365 1814 communicasse
388 1755 658 1820 cumbuminibus
679 1759 864 1839 perhibeam
898 1759 942 1820 sic
965 1760 1111 1822 nonnulli
1138 1759 1177 1822 de
1203 1771 1270 1822 tur-

122 1853 219 1933 piore.
244 1853 408 1918 criminum
430 1875 544 1934 genere
572 1859 742 1937 cogitantes
772 1881 843 1924 sum
871 1872 926 1928 aut
954 1863 1094 1923 membra
1121 1859 1269 1923 trucidati

122 1945 183 2017 ¹lilii
212 1954 288 2033 diis,
304 2035 306 2040 ,
321 1975 401 2039 quos
434 1960 571 2040 hospilio
605 1962 795 2042 excepisset,
830 1961 1019 2027 comedenda
1044 1961 1182 2042 dedisse,
1215 1977 1269 2026 aut

122 2070 259 2141 propter
278 2061 454 2140 perjurium
475 2075 604 2126 sumunt
623 2063 661 2126 de
683 2064 892 2128 cacuminibus
909 2085 974 2128 esse
989 2065 1091 2148 Sipyli
1107 2065 1269 2145 dejectum.

122 2162 243 2244 Hygia.
264 2164 316 2238 82,
339 2167 396 2242 833
429 2163 548 2228 Eudoc.
576 2167 663 2231 Viol.
690 2189 723 2248 p.
745 2164 827 2246 390'3
859 2169 1011 2231 Antonin.
1037 2170 1175 2242 Liberal.
1199 2173 1270 2250 323

121 2267 262 2327 Muret.
280 2263 384 2328 Sebol.
401 2265 433 2330 iu
453 2267 572 2331 Tibult.
585 2271 640 2345 ΙΙΙ,
652 2273 681 2347 3,
694 2272 745 2334 77.
789 2271 900 2352 Itaque
920 2270 1024 2332 bisin
1046 2272 1170 2350 fabulis,
1190 2293 1269 2355 quo-

120 2366 343 2449 modocunque
366 2368 451 2432 inter
479 2388 512 2432 se
542 2368 716 2454 differunt.²¹
736 2371 889 2450 insignem
919 2372 1118 2452 prudentiam
1143 2375 1268 2441 Tantali

120 2471 327 2550 agnoscimus,
348 2471 469 2554 quippe
490 2473 556 2556 qui,
576 2473 721 2540 doctriua
739 2476 923 2558 artibusque
943 2476 1114 2543 instructus
1136 2477 1268 2558 denega·

121 2575 164 2636 tis
186 2575 305 2653 generi.
318 2567 470 2652 humano,
491 2578 543 2642 vel
564 2581 680 2644 scelera
706 2576 780 2643 deos
801 2577 976 2659 prudenter
1001 2582 1103 2644 celans
1123 2581 1268 2662 fingatur,

122 2689 302 2762 quanquam
324 2679 360 2740 hi
378 2680 485 2742 omnia
510 2697 634 2762 semper
662 2683 946 2766 observantemque
967 2685 1167 2766 perspiciant.
1210 2688 1268 2750 At·

120 2803 185 2866 que
207 2784 267 2844 boc
287 2783 390 2863 ipsum
413 2783 573 2862 ingenium
596 2785 630 2846 in
653 2786 770 2849 cunctis
792 2805 931 2865 poenae,
962 2807 1055 2868 quam
1069 2789 1154 2866 oluit,
1175 2808 1268 2867 gene-

120 2886 212 2947 ribus
236 2883 361 2947 videtur
389 2885 546 2951 illustre„
575 2885 660 2956 Nom
681 2887 715 2948 in
737 2887 866 2964 Tartari
886 2887 977 2969 equis
1004 2887 1195 2952 affixus'sub
1217 2913 1269 2952 ar·

121 2991 211 3064 bore,
232 3007 312 3070 quae
333 2987 424 3070 quasi
444 2985 584 3068 pondere
606 2987 765 3053 fructuum
787 2985 985 3067 deprimitur,
1006 2992 1149 3071 quamvis
1163 2992 1267 3065 inedia

121 3103 155 3152 et
177 3091 371 3152 intolerabili
391 3091 445 3152 siti
467 3091 630 3168 cruciatus,
654 3111 712 3156 neo
734 3110 837 3171 poma,
867 3091 1045 3172 cupidinem
1068 3104 1190 3166 tantum
1212 3115 1267 3156 ex·

121 3193 268 3272 citantis,
290 3217 361 3258 cunr
381 3215 505 3276 sursum
527 3195 687 3270 ferantur,
714 3213 818 3274 nequo
843 3193 958 3272 undas,
986 3217 1119 3279 quarum
1140 3207 1266 3278 aspectu

120 3294 313 3376 delectatam,
347 3297 541 3375 diffluentes,
571 3296 760 3378 simulatque
785 3316 836 3360 eas
857 3297 986 3361 haurire
1006 3298 1127 3379 studet,
1161 3311 1268 3372 monto

121 3399 306 3479 contingere
327 3411 424 3482 atque
442 3412 567 3478 gusmre
588 3411 705 3480 potest.
760 3395 832 3475 Quo
854 3399 982 3483 ‚quidem
1008 3423 1082 3464 uum
1105 3403 1267 3484 pulchrius

121 3505 324 3566 simulacrum
345 3504 482 3566 hominis
501 3524 666 3586 possumus
686 3503 832 3584 cogitare,
854 3505 919 3586 qui,
941 3527 1009 3570 cum
1026 3505 1185 3586 ingentem
1201 3506 1266 3569 vim

119 3607 221 3669 anirni
242 3607 356 3670 babeat
377 3610 510 3684 natum,
539 3607 691 3670 immenso
723 3607 863 3671 discendi
894 3605 999 3676 studio
1028 3607 1163 3688 flagrans
1195 3631 1284 3698 por.

121 3709 290 3772 sectionem
312 3709 425 3788 animi,
450 3711 574 3772 cunctis¹
590 3710 733 3792 partibus
754 3711 950 3790 absolutam,
966 3710 1006 3778 ad
1029 3731 1123 3794 quam
1145 3711 1178 3775 in
1201 3711 1267 3773 dies

122 3813 257 3894 propius
287 3812 478 3891 accedimus,
509 3833 575 3876 uno
607 3815 699 3891 nisu,
728 3817 781 3878 rel
812 3815 1112 3896 impetu.,conseq11i
1142 3811 1268 3877 studet?

121 3915 244 3992 Quodsi
267 3920 346 3996 jam,
379 3917 503 3978 ratione
523 3917 615 3994 hujus
641 3915 757 3980 indolis
782 3916 904 3994 habita,
937 3917 1056 4005 sabulos
1080 3914 1119 3976 de
1139 3915 1265 3978 Tantali

120 4019 292 4084 scolaribus
313 4021 580 4100 contemplamurp
592 4019 656 4082 duo
675 4037 783 4085 earum
795 4039 910 4098 genera
926 4017 1139 4092 discernimus,
1161 4033 1268 4093 uuum,

122 4140 187 4204 quo
208 4122 332 4184 scelesti
353 4134 482 4182 conatus
505 4143 704 4204 nequaquam
726 4119 978 4204 cittribuuntur,
1008 4119 1159 4202 quoniam
1179 4135 1268 4180 amor

121 4225 252 4286 humani
280 4226 404 4306 generis
427 4238 459 4288 et
481 4228 764 4306 promulgationem
784 4225 1008 4308 mysteriorum
1030 4234 1060 4284 et
1082 4222 1201 4283 lurtum
1225 4221 1268 4280 ei-

122 4327 235 4390 borum
258 4339 400 4406 excusat,
421 4330 557 4391 alterum
577 4349 655 4392 varo
679 4349 802 4406 eorum,
826 4327 883 4411 qui
903 4335 1037 4388 summas
1058 4344 1093 4390 ac
1114 4322 1268 4386 sanctissi-

120 4449 187 4490 mas
213 4431 308 4510 leges,
336 4431 495 4502 institutas
518 4432 636 4495 drocus
657 4430 846 4510 bominibus,
867 4430 906 4491 ab
927 4446 965 4488 co
985 4439 1038 4493 aut
1059 4425 1199 4510 perjurio
1221 4423 1268 4486 di-

943 4543 985 4602 14
