3048 4998
230 301 234 309 ’
282 321 359 398 aoe

280 516 388 574 tamen
408 507 449 574 ad
464 504 679 590 diffidendum,
699 527 796 598 quam
816 505 1013 574 credendum
1025 509 1217 598 propensior
1231 531 1310 576 sum.
1350 511 1419 579 Nam

280 623 409 702 praeter
430 609 534 680 Horas
558 612 787 702 Dionysiades,
816 633 951 702 quarum
974 616 1088 680 sinon
1110 619 1231 683 mentio
1255 618 1420 706 saepissima

279 721 398 811 injecta
419 729 520 801 esset,
552 719 726 788 admodum
747 719 839 786 nobis
861 718 968 786 mirari
994 719 1106 788 liceret
1127 722 1296 790 Briareum
1317 713 1421 788 tantum

281 833 314 892 et
336 825 556 918 Hephaestum
578 827 824 894 commemorari
845 827 984 893 memini.
1035 829 1083 894 Ae
1105 827 1229 896 Briarei
1252 828 1374 918 quidem
1391 829 1420 894 ab

279 931 356 998 lone
379 932 460 1000 Chio
483 934 519 1000 fr.
540 935 561 1000 5
583 930 733 1000 Nieberd.
763 933 882 999 mentio
914 934 1053 1024 injicitur
1079 929 1154 996 Ἴων
1181 936 1217 1002 δέ
1251 955 1352 1019 appoto
1377 931 1423 996 τὸν
1476 933 1477 940 ’

279 1039 453 1126 Βριαρέων
474 1040 508 1105 ἐκ
530 1040 590 1105 τοῦ
612 1033 772 1124 πελάγους
792 1041 1054 1125 παρακληθέντα
1087 1036 1151 1104 ὑπὸ
1177 1040 1314 1119 Θέτιδος
1338 1039 1422 1122 ἀναχ-

279 1146 391 1226 θῆναι
420 1143 612 1234 φυλάξοντα
639 1144 699 1211 τὸν
726 1142 806 1223 Δία,
843 1143 1024 1227 Θαλάσσης
1051 1143 1134 1213 ὄντα
1166 1144 1283 1214 παῖδα.
1325 1149 1426 1238 Neque·

281 1275 339 1321 cur
358 1255 458 1344 ipsius
481 1254 744 1321 commemoratio
767 1252 851 1318 facta
872 1255 913 1320 sit
941 1253 1154 1344 explicatione
1176 1265 1274 1322 earet.
1316 1255 1423 1321 Etenim

279 1381 379 1428 verno
408 1359 462 1426 illo
496 1358 659 1449 tempore,
693 1359 744 1426 cui
772 1367 918 1424 veterum
941 1355 1149 1428 'Graecorum
1178 1363 1287 1450 opinio
1316 1359 1423 1449 itdgura
1476 1347 1477 1396 Ῑ

283 1467 375 1558 quasi
396 1485 488 1533 saera
516 1474 548 1532 et
578 1465 707 1556 propria
740 1463 916 1545 addiceret,
946 1463 1149 1548 (Weiskerus
1177 1466 1294 1534 Aesoh.
1323 1464 1422 1552 Trilog.
1476 1469 1477 1472 ’

280 1595 312 1664 p.
338 1575 412 1658 154)
447 1597 489 1640 ex
520 1573 604 1640 lonis
638 1570 766 1646 fictione
795 1571 892 1640 etiam
927 1569 1079 1640 Briareus
1110 1575 1239 1664 Aegeo,
1263 1571 1422 1641 'Thalosses

281 1681 380 1766 tilios,
411 1681 430 1747 i.
454 1703 480 1747 e.
507 1679 674 1746 terrestris
703 1675 820 1744 humor
846 1678 879 1742 in
911 1674 1039 1744 coelum
1069 1681 1249 1747 conductus
1278 1676 1422 1763 aTethyo
1476 1745 1477 1774 ,

281 1789 421 1870 marina,
452 1789 562 1878 inque.
583 1785 702 1852 nubem
737 1791 971 1864 commutatus,
1001 1785 1077 1851 Jovi
1104 1785 1259 1868 oooubat,
1287 1793 1422 1875 ‘supremo

281 1895 469 1963 coelestium
491 1897 660 1985 regionum
681 1893 820 1972 numini,
846 1892 1053 1980 ignipotenti,
1083 1890 1286 1984 oui‘futgura
1308 1898 1339 1958 et
1357 1887 1421 1954 toni-

281 2014 368 2084 trua,
396 2009 603 2091 tempestates
624 1997 808 2088 imbresque
832 1995 1060 2086 obsequuntur.
1104 1997 1228 2064 Aether
1250 1999 1334 2066 enim
1352 2017 1420 2061 sere-

279 2131 356 2190 nus,
379 2129 475 2198 quem
496 2108 615 2174 Jovem
638 2126 709 2172 esse
728 2108 893 2197 jusserunt
915 2112 1056 2184 veteres,
1079 2106 1141 2170 nisi
1164 2129 1183 2172 e
1204 2116 1310 2180 terrae
1331 2100 1419 2168 uraris·

282 2237 345 2306 que
366 2212 538 2303 vaporibus
562 2221 748 2280 contractae
768 2209 871 2276 nubes
894 2209 1026 2293 fuerint,
1058 2210 1190 2288 fulmina
1214 2232 1361 2302 spargere
1379 2213 1421 2272 aot

279 2343 394 2412 parare
417 2321 555 2386 tonitrua
575 2320 686 2386 n'esoit.
730 2315 882 2384 Fortasse
911 2317 964 2382 hie
985 2315 1068 2384 lonis
1092 2317 1312 2414 dithyrambos
1334 2312 1420 2404 cyclis

281 2425 519 2496 Corinthiorum
541 2427 646 2494 ehoris
669 2423 867 2514 compositus
891 2423 958 2505 fuit,
980 2444 1054 2490 oum
1075 2434 1204 2491 vetusta
1220 2435 1306 2492 osset
1327 2423 1420 2488 Corin·

279 2532 419 2601 thiorum
447 2533 568 2616 fabula,
601 2533 771 2599 Briareum
800 2528 970 2620 aliquando
1005 2529 1157 2596 arbitrum
1193 2530 1331 2598 eleotum
1354 2523 1419 2594 Solis

281 2639 321 2706 de
343 2638 462 2706 Isthmo
486 2661 560 2707 oum
581 2638 734 2728 Neptuno
756 2635 845 2701 litem
871 2637 904 2701 in
932 2637 1047 2726 prioris
1076 2639 1213 2726 gratiam
1244 2637 1419 2730 dijudicasse.

278 2743 375 2813 Paus.
398 2745 432 2828 ΙΙ,
457 2748 484 2828 1,
510 2747 558 2812 16.
581 2781 624 2793 -·
645 2745 866 2833 Wagnerus
890 2742 1020 2832 quidem
1043 2744 1171 2810 tteram
1193 2741 1337 2813 Uort'rttlt.
1352 2757 1419 2826 spot·

280 2853 314 2934 I,
334 2875 367 2940 p.
389 2859 446 2919 26.
470 2859 527 2920 27.
552 2853 720 2938 (Dormst.
744 2853 849 2930 1824)
870 2867 938 2914 eur
958 2847 1119 2916 -Briareus
1152 2853 1349 2916 centimanus
1372 2841 1419 2910 litis

279 2959 396 3027 arbiter
421 2961 619 3040 nominetur,
649 2955 776 3024 difficile
806 2951 969 3043 explicatu
996 2966 1120 3022 censet:
1148 2959 1285 3038 „neseio
1315 2957 1365 3034 ait,
1390 2967 1419 3012 tlt

279 3067 415 3156 gigantis
439 3085 578 3154 persona
600 3061 728 3132 labores
749 3059 928 3128 incolarum
949 3062 1125 3128 immensos
1149 3063 1304 3154 designet,
1333 3055 1419 3150 quiin
1476 3083 1477 3088 κ

278 3180 363 3238 terra
385 3191 504 3260 aggere
525 3169 698 3236 munienda
720 3189 880 3234 summam
901 3175 1082 3256 posuerant
1102 3177 1262 3260 operam?
1285 3187 1344 3258 qm
1359 3181 1419 3229 con·

275 3282 401 3369 jectura
428 3278 484 3342 vix
510 3274 667 3342 infelicius
698 3274 873 3364 excogitari
904 3274 1077 3364 quidquam
1107 3285 1222 3365 potest.
1268 3277 1314 3342 Ae
1340 3267 1419 3337 nain

278 3407 314 3450 re
342 3381 576 3470 simplicissima
606 3375 743 3447 multum
776 3380 935 3470 litigemus
963 3379 1052 3446 haud
1083 3383 1178 3449 dubie
1206 3384 1267 3448 toti
1298 3379 1366 3445 huic
1390 3371 1419 3435 de

278 3486 333 3552 tite
362 3486 447 3552 Solis
480 3510 555 3553 eum
581 3486 733 3577 Neptuno
768 3487 911 3571 fabulae,
945 3489 1054 3556 Isthmi
1088 3489 1256 3577 angustiae
1287 3483 1419 3552 dederunt

278 3593 449 3682 originem,
481 3615 563 3680 quae
591 3615 665 3658 cum
700 3603 807 3660 tantae
835 3605 956 3678 essent,
993 3605 1029 3660 ut
1059 3593 1160 3660 serius
1182 3596 1271 3660 ocius
1298 3581 1418 3678 Neptuni

277 3697 424 3768 fluctibus
446 3696 636 3764 inundatum
659 3699 873 3790 obrutumque
895 3701 933 3766 iri
954 3700 1148 3781 viderentur,
1171 3699 1344 3792 verendum
1357 3696 1416 3765 erat

276 3805 415 3874 isthmus
438 3805 477 3871 ab
499 3803 562 3870 hoo
584 3806 793 3894 rapacissimo
814 3806 962 3874 Deorum
982 3827 1138 3896 superum
1159 3806 1330 3874 devoratus
1347 3794 1415 3866 Solis
1476 3867 1477 3870 ,

277 3910 378 3978 oeulis
400 3911 561 4001 radiisque
585 3913 813 4000 surriperetur3
843 3912 929 4002 quod
950 3912 1006 3978 ubi
1026 3911 1081 3978 vel
1101 3910 1220 3977 multos
1242 3920 1315 4002 post
1334 3921 1414 3972 annos

275 4011 398 4084 factum
421 4038 492 4083 esse
513 4039 579 4084 non
601 4017 762 4098 viderent,
790 4018 952 4084 finxerunt
973 4016 1085 4085 Solem
1107 4017 1139 4084 in
1169 4018 1338 4084 certamine
1358 4023 1415 4074 cam

275 4123 429 4214 Neptuno
452 4123 576 4188 vicisse.
621 4121 693 4190 Nec
715 4110 909 4214 excogitata*
925 4116 1026 4190 semel
1055 4124 1291 4190 controversiae
1311 4109 1415 4186 fabella,

277 4229 317 4302 de
336 4228 446 4320 judice
468 4229 522 4296 diu
545 4229 685 4298 arbitrati
709 4229 915 4318 cogitandum
938 4253 1029 4312 esse,
1053 4213 1225 4314 'Briarqum
1245 4220 1415 4314 induxerunt

275 4332 338 4400 hoc
379 4334 483 4402 officio
515 4335 722 4416 instructum,
762 4338 881 4428 quippe
915 4337 985 4424 qui·
1007 4345 1120 4402 natura
1156 4358 1213 4401 sua
1228 4382 1230 4390 .
1247 4333 1356 4424 pariter
1383 4316 1414 4384 ad
