<?xml version="1.0" encoding="UTF-8"?>
<!DOCTYPE html PUBLIC "-//W3C//DTD XHTML 1.0 Transitional//EN"
    "http://www.w3.org/TR/xhtml1/DTD/xhtml1-transitional.dtd">
<html xmlns="http://www.w3.org/1999/xhtml" xml:lang="en" lang="en">
 <head>
  <title>
</title>
<meta http-equiv="Content-Type" content="text/html;charset=utf-8" />
  <meta name='ocr-system' content='tesseract 3.04.00' />
  <meta name='ocr-capabilities' content='ocr_page ocr_carea ocr_par ocr_line ocrx_word'/>
</head>
<body>
  <div class='ocr_page' id='page_1' title='image "./historiacritica01kaysgoog/historiacritica01kaysgoog_0647.png"; bbox 0 0 3048 4998; ppageno 0'>
   <div class='ocr_carea' id='block_1_1' title="bbox 1174 323 1279 400">
    <p class='ocr_par' dir='ltr' id='par_1_1' title="bbox 1174 323 1279 400">
     <span class='ocr_line' id='line_1_1' title="bbox 1174 323 1279 400; baseline 0.067 -10"><span class='ocrx_word' id='word_1_1' title='bbox 1174 385 1176 390; x_wconf 89' lang='lat'><em>.</em></span> <span class='ocrx_word' id='word_1_2' title='bbox 1204 323 1279 400; x_wconf 81' lang='lat'><strong>263</strong></span> 
     </span>
    </p>
   </div>
   <div class='ocr_carea' id='block_1_2' title="bbox 104 502 1280 1764">
    <p class='ocr_par' dir='ltr' id='par_1_2' title="bbox 104 502 1280 1764">
     <span class='ocr_line' id='line_1_2' title="bbox 110 502 1280 595; baseline 0.001 -22"><span class='ocrx_word' id='word_1_3' title='bbox 110 505 301 595; x_wconf 81' lang='grc' dir='ltr'><em>Κρέμβσλα</em></span> <span class='ocrx_word' id='word_1_4' title='bbox 324 505 421 573; x_wconf 90' lang='lat' dir='ltr'><strong>etiam</strong></span> <span class='ocrx_word' id='word_1_5' title='bbox 443 526 462 572; x_wconf 90' lang='lat' dir='ltr'><strong>a</strong></span> <span class='ocrx_word' id='word_1_6' title='bbox 484 502 655 574; x_wconf 74' lang='lat' dir='ltr'><strong>Timotheo</strong></span> <span class='ocrx_word' id='word_1_7' title='bbox 679 503 819 572; x_wconf 87' lang='lat' dir='ltr'><strong>admissa</strong></span> <span class='ocrx_word' id='word_1_8' title='bbox 846 525 933 587; x_wconf 86' lang='lat' dir='ltr'><strong>esse,</strong></span> <span class='ocrx_word' id='word_1_9' title='bbox 962 504 1058 575; x_wconf 86' lang='lat' dir='ltr'><strong>docet</strong></span> <span class='ocrx_word' id='word_1_10' title='bbox 1080 507 1228 576; x_wconf 88' lang='lat' dir='ltr'><strong>carminis</strong></span> <span class='ocrx_word' id='word_1_11' title='bbox 1247 508 1280 574; x_wconf 91' lang='lat' dir='ltr'><strong>in</strong></span> 
     </span>
     <span class='ocr_line' id='line_1_3' title="bbox 104 611 1075 704; baseline 0.002 -24"><span class='ocrx_word' id='word_1_12' title='bbox 104 614 254 682; x_wconf 86' lang='lat' dir='ltr'>Dianam</span> <span class='ocrx_word' id='word_1_13' title='bbox 276 611 451 704; x_wconf 84' lang='lat' dir='ltr'><strong>Ephesiam</strong></span> <span class='ocrx_word' id='word_1_14' title='bbox 472 613 606 695; x_wconf 88' lang='lat' dir='ltr'><strong>initium,</strong></span> <span class='ocrx_word' id='word_1_15' title='bbox 637 611 724 703; x_wconf 87' lang='lat' dir='ltr'><strong>qnod</strong></span> <span class='ocrx_word' id='word_1_16' title='bbox 745 633 843 702; x_wconf 86' lang='lat' dir='ltr'><strong>supra</strong></span> <span class='ocrx_word' id='word_1_17' title='bbox 865 614 1075 682; x_wconf 82' lang='lat' dir='ltr'><strong>correximus.</strong></span> 
     </span>
     <span class='ocr_line' id='line_1_4' title="bbox 146 710 1280 807; baseline 0 -21"><span class='ocrx_word' id='word_1_18' title='bbox 146 715 295 806; x_wconf 83' lang='grc' dir='ltr'><em>Ἄρτεαε,</em></span> <span class='ocrx_word' id='word_1_19' title='bbox 310 716 366 788; x_wconf 88' lang='grc' dir='ltr'><strong>σοί</strong></span> <span class='ocrx_word' id='word_1_20' title='bbox 380 714 419 804; x_wconf 78' lang='grc' dir='ltr'><strong>μ’</strong></span> <span class='ocrx_word' id='word_1_21' title='bbox 437 719 487 787; x_wconf 77' lang='lat' dir='ltr'><strong>tn</strong></span> <span class='ocrx_word' id='word_1_22' title='bbox 507 717 598 807; x_wconf 77' lang='grc' dir='ltr'><em>φρὴν</em></span> <span class='ocrx_word' id='word_1_23' title='bbox 613 714 669 805; x_wconf 76' lang='grc' dir='ltr'><em>εἰμ’</em></span> <span class='ocrx_word' id='word_1_24' title='bbox 690 713 806 806; x_wconf 81' lang='grc' dir='ltr'><em>ίμερον</em></span> <span class='ocrx_word' id='word_1_25' title='bbox 822 710 928 803; x_wconf 83' lang='grc' dir='ltr'><em>ίίμνον</em></span> <span class='ocrx_word' id='word_1_26' title='bbox 945 715 1136 806; x_wconf 77' lang='grc' dir='ltr'><em>ιίυυμυῆσαε</em></span> <span class='ocrx_word' id='word_1_27' title='bbox 1146 721 1280 788; x_wconf 75' lang='grc' dir='ltr'><em>θέοθεν</em></span> 
     </span>
     <span class='ocr_line' id='line_1_5' title="bbox 160 818 805 916; baseline 0.006 -28"><span class='ocrx_word' id='word_1_28' title='bbox 160 877 169 888; x_wconf 79' lang='lat'>.</span> <span class='ocrx_word' id='word_1_29' title='bbox 239 818 312 911; x_wconf 84' lang='grc' dir='ltr'><em>ίίμα</em></span> <span class='ocrx_word' id='word_1_30' title='bbox 335 827 371 892; x_wconf 77' lang='grc' dir='ltr'><strong>δέ</strong></span> <span class='ocrx_word' id='word_1_31' title='bbox 386 849 443 904; x_wconf 74' lang='grc' dir='ltr'><strong>,τις</strong></span> <span class='ocrx_word' id='word_1_32' title='bbox 465 821 552 892; x_wconf 88' lang='grc' dir='ltr'><em>λοίλα</em></span> <span class='ocrx_word' id='word_1_33' title='bbox 571 823 805 916; x_wconf 73' lang='grc' dir='ltr'><em>χρυσοφάεννα</em></span> 
     </span>
     <span class='ocr_line' id='line_1_6' title="bbox 239 929 1079 1024; baseline 0.005 -26"><span class='ocrx_word' id='word_1_34' title='bbox 239 933 449 1022; x_wconf 75' lang='grc' dir='ltr'><strong><em>κρέμβαλα</em></strong></span> <span class='ocrx_word' id='word_1_35' title='bbox 467 933 692 1024; x_wconf 81' lang='grc' dir='ltr'><em>χαλκοααρᾷα</em></span> <span class='ocrx_word' id='word_1_36' title='bbox 710 929 825 1022; x_wconf 85' lang='grc' dir='ltr'><em>χερσίν</em></span> <span class='ocrx_word' id='word_1_37' title='bbox 848 932 1018 1020; x_wconf 75' lang='grc' dir='ltr'><strong>(ψαλλέτω</strong></span> <span class='ocrx_word' id='word_1_38' title='bbox 1041 937 1079 1020; x_wconf 72' lang='lat' dir='ltr'><strong>i).</strong></span> 
     </span>
     <span class='ocr_line' id='line_1_7' title="bbox 106 1023 1278 1134; baseline 0.003 -29"><span class='ocrx_word' id='word_1_39' title='bbox 106 1029 154 1106; x_wconf 66' lang='lat' dir='ltr'><strong>A&#39;t</strong></span> <span class='ocrx_word' id='word_1_40' title='bbox 186 1061 265 1109; x_wconf 88' lang='lat' dir='ltr'><strong>vero</strong></span> <span class='ocrx_word' id='word_1_41' title='bbox 298 1063 378 1108; x_wconf 87' lang='lat' dir='ltr'><strong>mox</strong></span> <span class='ocrx_word' id='word_1_42' title='bbox 403 1062 469 1110; x_wconf 87' lang='lat' dir='ltr'><strong>non</strong></span> <span class='ocrx_word' id='word_1_43' title='bbox 498 1039 676 1110; x_wconf 83' lang='lat' dir='ltr'><strong>sufficiebat</strong></span> <span class='ocrx_word' id='word_1_44' title='bbox 708 1041 801 1107; x_wconf 88' lang='lat' dir='ltr'><strong>unius</strong></span> <span class='ocrx_word' id='word_1_45' title='bbox 832 1039 1118 1110; x_wconf 81' lang='lat' dir='ltr'><strong>instrumentorum</strong></span> <span class='ocrx_word' id='word_1_46' title='bbox 1150 1023 1278 1134; x_wconf 86' lang='lat' dir='ltr'><strong>generis</strong></span> 
     </span>
     <span class='ocr_line' id='line_1_8' title="bbox 106 1145 1278 1240; baseline 0.003 -28"><span class='ocrx_word' id='word_1_47' title='bbox 106 1154 275 1214; x_wconf 88' lang='lat' dir='ltr'><strong>consonos</strong></span> <span class='ocrx_word' id='word_1_48' title='bbox 304 1146 474 1234; x_wconf 84' lang='lat' dir='ltr'><strong>tumultus,</strong></span> <span class='ocrx_word' id='word_1_49' title='bbox 509 1146 549 1215; x_wconf 87' lang='lat' dir='ltr'><strong>de</strong></span> <span class='ocrx_word' id='word_1_50' title='bbox 577 1170 641 1239; x_wconf 89' lang='lat' dir='ltr'><strong>quo</strong></span> <span class='ocrx_word' id='word_1_51' title='bbox 671 1145 824 1238; x_wconf 78' lang='lat' dir='ltr'><strong>intellego</strong></span> <span class='ocrx_word' id='word_1_52' title='bbox 847 1147 1043 1240; x_wconf 85' lang='lat' dir='ltr'><strong>Antiphanis&#39;</strong></span> <span class='ocrx_word' id='word_1_53' title='bbox 1064 1171 1107 1217; x_wconf 84' lang='lat' dir='ltr'><strong>ex</strong></span> <span class='ocrx_word' id='word_1_54' title='bbox 1134 1148 1278 1219; x_wconf 78' lang='lat' dir='ltr'><strong>&#39;tibicine</strong></span> 
     </span>
     <span class='ocr_line' id='line_1_9' title="bbox 108 1251 1276 1348; baseline 0.003 -31"><span class='ocrx_word' id='word_1_55' title='bbox 108 1253 328 1344; x_wconf 72' lang='lat' dir='ltr'><strong>fragmentum</strong></span> <span class='ocrx_word' id='word_1_56' title='bbox 360 1255 491 1322; x_wconf 86' lang='lat' dir='ltr'><strong>anicmn</strong></span> <span class='ocrx_word' id='word_1_57' title='bbox 518 1253 577 1322; x_wconf 84' lang='lat' dir='ltr'><strong>sed</strong></span> <span class='ocrx_word' id='word_1_58' title='bbox 610 1251 709 1346; x_wconf 83' lang='lat' dir='ltr'><strong>(proh</strong></span> <span class='ocrx_word' id='word_1_59' title='bbox 736 1252 861 1338; x_wconf 86' lang='lat' dir='ltr'><strong>dolor!)</strong></span> <span class='ocrx_word' id='word_1_60' title='bbox 894 1256 1188 1348; x_wconf 65' lang='lat' dir='ltr'><strong>corruptissimum</strong></span> <span class='ocrx_word' id='word_1_61' title='bbox 1226 1278 1276 1347; x_wconf 89' lang='lat' dir='ltr'><strong>op.</strong></span> 
     </span>
     <span class='ocr_line' id='line_1_10' title="bbox 108 1357 535 1450; baseline 0.009 -26"><span class='ocrx_word' id='word_1_62' title='bbox 108 1357 227 1427; x_wconf 86' lang='lat' dir='ltr'><strong>Athen.</strong></span> <span class='ocrx_word' id='word_1_63' title='bbox 249 1358 341 1442; x_wconf 83' lang='lat' dir='ltr'>xlv,</span> <span class='ocrx_word' id='word_1_64' title='bbox 361 1383 392 1450; x_wconf 90' lang='lat' dir='ltr'><strong>p.</strong></span> <span class='ocrx_word' id='word_1_65' title='bbox 411 1363 475 1427; x_wconf 86' lang='grc'><strong>618</strong></span> <span class='ocrx_word' id='word_1_66' title='bbox 497 1360 535 1428; x_wconf 92' lang='grc' dir='ltr'><strong>Β.</strong></span> 
     </span>
     <span class='ocr_line' id='line_1_11' title="bbox 286 1449 1164 1557; baseline 0.002 -25"><span class='ocrx_word' id='word_1_67' title='bbox 286 1463 412 1551; x_wconf 81' lang='grc' dir='ltr'><em>Ποίαν,</em></span> <span class='ocrx_word' id='word_1_68' title='bbox 435 1449 568 1556; x_wconf 78' lang='grc' dir='ltr'><strong>Ιεμριίσον</strong></span> <span class='ocrx_word' id='word_1_69' title='bbox 588 1464 661 1554; x_wconf 78' lang='grc' dir='ltr'><em>γὰρ,</em></span> <span class='ocrx_word' id='word_1_70' title='bbox 683 1452 742 1557; x_wconf 53' lang='lat' dir='ltr'><strong>pf&amp;</strong></span> <span class='ocrx_word' id='word_1_71' title='bbox 765 1465 825 1548; x_wconf 79' lang='grc' dir='ltr'><strong>τὴν</strong></span> <span class='ocrx_word' id='word_1_72' title='bbox 847 1465 1033 1534; x_wconf 80' lang='grc' dir='ltr'><strong>συναυλίαν</strong></span> <span class='ocrx_word' id='word_1_73' title='bbox 1161 1529 1164 1534; x_wconf 90' lang='grc'>.</span> 
     </span>
     <span class='ocr_line' id='line_1_12' title="bbox 200 1569 1037 1659; baseline 0.002 -21"><span class='ocrx_word' id='word_1_74' title='bbox 200 1594 203 1602; x_wconf 93' lang='grc'><em>·</em></span> <span class='ocrx_word' id='word_1_75' title='bbox 286 1569 427 1654; x_wconf 64' lang='lat' dir='ltr'><strong>vairam</strong></span> <span class='ocrx_word' id='word_1_76' title='bbox 447 1572 625 1642; x_wconf 68' lang='lat' dir='ltr'><strong>saturarat</strong></span> <span class='ocrx_word' id='word_1_77' title='bbox 646 1570 725 1659; x_wconf 75' lang='grc' dir='ltr'><em>γὰρ,</em></span> <span class='ocrx_word' id='word_1_78' title='bbox 747 1569 822 1640; x_wconf 77' lang='grc' dir='ltr'><strong>ἀλλ’</strong></span> <span class='ocrx_word' id='word_1_79' title='bbox 845 1571 1037 1656; x_wconf 82' lang='grc' dir='ltr'><em>ηίίλουνὲιι</em></span> 
     </span>
     <span class='ocr_line' id='line_1_13' title="bbox 285 1673 936 1764; baseline 0.002 -19"><span class='ocrx_word' id='word_1_80' title='bbox 285 1677 468 1764; x_wconf 73' lang='grc' dir='ltr'><em>μαθόντες,</em></span> <span class='ocrx_word' id='word_1_81' title='bbox 489 1673 575 1748; x_wconf 78' lang='grc' dir='ltr'><em>είίσιε</em></span> <span class='ocrx_word' id='word_1_82' title='bbox 596 1678 673 1757; x_wconf 78' lang='grc' dir='ltr'><em>τους</em></span> <span class='ocrx_word' id='word_1_83' title='bbox 694 1676 817 1759; x_wconf 64' lang='grc' dir='ltr'><em>αὐλαία</em></span> <span class='ocrx_word' id='word_1_84' title='bbox 839 1677 881 1749; x_wconf 84' lang='grc' dir='ltr'><strong>σί</strong></span> <span class='ocrx_word' id='word_1_85' title='bbox 901 1705 936 1746; x_wconf 83' lang='grc' dir='ltr'><strong>τε</strong></span> 
     </span>
    </p>
   </div>
   <div class='ocr_carea' id='block_1_3' title="bbox 284 1784 1104 2199">
    <p class='ocr_par' dir='ltr' id='par_1_3' title="bbox 284 1784 1011 1982">
     <span class='ocr_line' id='line_1_14' title="bbox 285 1784 1011 1876; baseline 0 -22"><span class='ocrx_word' id='word_1_86' title='bbox 285 1784 372 1867; x_wconf 78' lang='grc' dir='ltr'><em>αὐτὴ</em></span> <span class='ocrx_word' id='word_1_87' title='bbox 394 1789 506 1868; x_wconf 78' lang='grc' dir='ltr'><strong><em>τελετῇ</em></strong></span> <span class='ocrx_word' id='word_1_88' title='bbox 532 1786 757 1876; x_wconf 76' lang='grc' dir='ltr'><em>ψεθείθαμεν</em></span> <span class='ocrx_word' id='word_1_89' title='bbox 777 1785 1011 1876; x_wconf 78' lang='grc' dir='ltr'><em>συντυγχάνεις</em></span> 
     </span>
     <span class='ocr_line' id='line_1_15' title="bbox 284 1891 992 1982; baseline 0.004 -22"><span class='ocrx_word' id='word_1_90' title='bbox 284 1891 395 1960; x_wconf 80' lang='grc' dir='ltr'><em>αὐλαία</em></span> <span class='ocrx_word' id='word_1_91' title='bbox 417 1897 565 1982; x_wconf 78' lang='grc' dir='ltr'><strong>πέραινε·</strong></span> <span class='ocrx_word' id='word_1_92' title='bbox 588 1895 716 1977; x_wconf 75' lang='grc' dir='ltr'><em>δέξεται</em></span> <span class='ocrx_word' id='word_1_93' title='bbox 737 1895 775 1960; x_wconf 75' lang='grc' dir='ltr'><strong>δέ</strong></span> <span class='ocrx_word' id='word_1_94' title='bbox 797 1891 904 1962; x_wconf 80' lang='grc' dir='ltr'><em>τίίλλα</em></span> <span class='ocrx_word' id='word_1_95' title='bbox 927 1919 992 1964; x_wconf 85' lang='grc' dir='ltr'><em>σοι.</em></span> 
     </span>
    </p>

    <p class='ocr_par' dir='ltr' id='par_1_4' title="bbox 284 1990 1104 2199">
     <span class='ocr_line' id='line_1_16' title="bbox 286 1990 970 2089; baseline 0.003 -23"><span class='ocrx_word' id='word_1_96' title='bbox 286 1999 350 2081; x_wconf 71' lang='grc' dir='ltr'><em>ἡδέι</em></span> <span class='ocrx_word' id='word_1_97' title='bbox 371 2023 404 2066; x_wconf 79' lang='grc' dir='ltr'><strong>τι</strong></span> <span class='ocrx_word' id='word_1_98' title='bbox 423 2000 537 2070; x_wconf 88' lang='grc' dir='ltr'><em>κοινόν</em></span> <span class='ocrx_word' id='word_1_99' title='bbox 558 2004 663 2084; x_wconf 81' lang='grc' dir='ltr'><em>ἐστιν,</em></span> <span class='ocrx_word' id='word_1_100' title='bbox 686 1990 729 2068; x_wconf 83' lang='grc' dir='ltr'><strong>οὗ</strong></span> <span class='ocrx_word' id='word_1_101' title='bbox 744 2004 845 2089; x_wconf 74' lang='grc' dir='ltr'><em>χωρίς</em></span> <span class='ocrx_word' id='word_1_102' title='bbox 865 1999 970 2070; x_wconf 83' lang='grc' dir='ltr'><em>ιιοίλιυ</em></span> 
     </span>
     <span class='ocr_line' id='line_1_17' title="bbox 284 2101 1104 2199; baseline 0 -23"><span class='ocrx_word' id='word_1_103' title='bbox 284 2105 488 2194; x_wconf 78' lang='grc' dir='ltr'><em>συννεύματ’</em></span> <span class='ocrx_word' id='word_1_104' title='bbox 516 2106 556 2176; x_wconf 83' lang='grc' dir='ltr'><strong>οὐ</strong></span> <span class='ocrx_word' id='word_1_105' title='bbox 578 2105 803 2199; x_wconf 76' lang='grc' dir='ltr'><strong>προβλήμαθ’</strong></span> <span class='ocrx_word' id='word_1_106' title='bbox 832 2101 883 2188; x_wconf 74' lang='grc' dir='ltr'><strong>οἷς</strong></span> <span class='ocrx_word' id='word_1_107' title='bbox 905 2106 1104 2194; x_wconf 75' lang='grc' dir='ltr'><em>σημαίνεται</em></span> 
     </span>
    </p>
   </div>
   <div class='ocr_carea' id='block_1_4' title="bbox 110 2241 1277 4428">
    <p class='ocr_par' dir='ltr' id='par_1_5' title="bbox 110 2241 1277 2734">
     <span class='ocr_line' id='line_1_18' title="bbox 284 2241 673 2289; baseline 0.015 -6"><span class='ocrx_word' id='word_1_108' title='bbox 284 2241 419 2284; x_wconf 84' lang='grc' dir='ltr'><em>εκασια.</em></span> <span class='ocrx_word' id='word_1_109' title='bbox 670 2283 673 2289; x_wconf 90' lang='grc'>.</span> 
     </span>
     <span class='ocr_line' id='line_1_19' title="bbox 110 2319 1277 2415; baseline 0.004 -25"><span class='ocrx_word' id='word_1_110' title='bbox 110 2323 166 2390; x_wconf 81' lang='lat' dir='ltr'><strong>cfr.</strong></span> <span class='ocrx_word' id='word_1_111' title='bbox 189 2321 371 2392; x_wconf 85' lang='lat' dir='ltr'><strong>Boeckhius</strong></span> <span class='ocrx_word' id='word_1_112' title='bbox 395 2324 488 2392; x_wconf 80' lang='lat' dir='ltr'><strong>thP.</strong></span> <span class='ocrx_word' id='word_1_113' title='bbox 510 2346 540 2415; x_wconf 92' lang='lat' dir='ltr'><strong>p.</strong></span> <span class='ocrx_word' id='word_1_114' title='bbox 563 2321 628 2389; x_wconf 78' lang='lat'><strong>258</strong></span> <span class='ocrx_word' id='word_1_115' title='bbox 654 2321 713 2391; x_wconf 90' lang='lat' dir='ltr'><strong>sed</strong></span> <span class='ocrx_word' id='word_1_116' title='bbox 736 2323 832 2390; x_wconf 90' lang='lat' dir='ltr'><strong>etiam</strong></span> <span class='ocrx_word' id='word_1_117' title='bbox 854 2345 928 2393; x_wconf 88' lang='lat' dir='ltr'><strong>cum</strong></span> <span class='ocrx_word' id='word_1_118' title='bbox 950 2319 1077 2392; x_wconf 78' lang='lat' dir='ltr'><strong>citharis</strong></span> <span class='ocrx_word' id='word_1_119' title='bbox 1099 2325 1277 2396; x_wconf 83' lang='lat' dir='ltr'><strong>miscebant</strong></span> 
     </span>
     <span class='ocr_line' id='line_1_20' title="bbox 112 2429 1276 2524; baseline 0.005 -28"><span class='ocrx_word' id='word_1_120' title='bbox 112 2431 213 2512; x_wconf 90' lang='lat' dir='ltr'><strong>tibias,</strong></span> <span class='ocrx_word' id='word_1_121' title='bbox 241 2454 438 2524; x_wconf 88' lang='lat' dir='ltr'><strong>quamquam</strong></span> <span class='ocrx_word' id='word_1_122' title='bbox 458 2429 521 2498; x_wconf 90' lang='lat' dir='ltr'><strong>hoc</strong></span> <span class='ocrx_word' id='word_1_123' title='bbox 541 2430 709 2498; x_wconf 87' lang='lat' dir='ltr'><strong>inventum</strong></span> <span class='ocrx_word' id='word_1_124' title='bbox 730 2452 795 2498; x_wconf 91' lang='lat' dir='ltr'><strong>non</strong></span> <span class='ocrx_word' id='word_1_125' title='bbox 816 2432 860 2498; x_wconf 88' lang='lat' dir='ltr'><strong>ita</strong></span> <span class='ocrx_word' id='word_1_126' title='bbox 882 2433 1044 2523; x_wconf 86' lang='lat' dir='ltr'><strong>aspernati</strong></span> <span class='ocrx_word' id='word_1_127' title='bbox 1065 2455 1138 2502; x_wconf 86' lang='lat' dir='ltr'><strong>esse</strong></span> <span class='ocrx_word' id='word_1_128' title='bbox 1160 2435 1276 2502; x_wconf 86' lang='lat' dir='ltr'><strong>comici</strong></span> 
     </span>
     <span class='ocr_line' id='line_1_21' title="bbox 111 2535 996 2631; baseline 0.006 -30"><span class='ocrx_word' id='word_1_129' title='bbox 111 2537 268 2610; x_wconf 84' lang='lat' dir='ltr'><strong>videntur.</strong></span> <span class='ocrx_word' id='word_1_130' title='bbox 313 2540 411 2608; x_wconf 85' lang='lat' dir='ltr'><strong>Certe</strong></span> <span class='ocrx_word' id='word_1_131' title='bbox 433 2537 599 2631; x_wconf 87' lang='lat' dir='ltr'><strong>Ephippus</strong></span> <span class='ocrx_word' id='word_1_132' title='bbox 620 2535 736 2605; x_wconf 87' lang='lat' dir='ltr'><strong>Athen.</strong></span> <span class='ocrx_word' id='word_1_133' title='bbox 758 2536 848 2621; x_wconf 88' lang='lat' dir='ltr'>XIV,</span> <span class='ocrx_word' id='word_1_134' title='bbox 871 2562 902 2630; x_wconf 90' lang='lat' dir='ltr'><strong>p.</strong></span> <span class='ocrx_word' id='word_1_135' title='bbox 924 2540 996 2606; x_wconf 83' lang='lat'><strong>617.</strong></span> 
     </span>
     <span class='ocr_line' id='line_1_22' title="bbox 365 2630 1067 2734; baseline -0.004 -21"><span class='ocrx_word' id='word_1_136' title='bbox 365 2699 373 2713; x_wconf 90' lang='grc'><strong>.</strong></span> <span class='ocrx_word' id='word_1_137' title='bbox 419 2699 426 2714; x_wconf 94' lang='grc'><strong>.</strong></span> <span class='ocrx_word' id='word_1_138' title='bbox 470 2645 622 2711; x_wconf 80' lang='grc' dir='ltr'><em>κοινωνεῖ</em></span> <span class='ocrx_word' id='word_1_139' title='bbox 637 2643 718 2734; x_wconf 75' lang='grc' dir='ltr'><em>γὰρ,</em></span> <span class='ocrx_word' id='word_1_140' title='bbox 738 2630 765 2709; x_wconf 82' lang='grc' dir='ltr'><em>ὦ</em></span> <span class='ocrx_word' id='word_1_141' title='bbox 787 2642 1016 2734; x_wconf 82' lang='grc' dir='ltr'><em>μειράκιου,ἡ</em></span> <span class='ocrx_word' id='word_1_142' title='bbox 1064 2681 1067 2686; x_wconf 91' lang='grc'><strong>-</strong></span> 
     </span>
    </p>

    <p class='ocr_par' dir='ltr' id='par_1_6' title="bbox 312 2748 1030 2844">
     <span class='ocr_line' id='line_1_23' title="bbox 312 2748 1030 2844; baseline 0.001 -28"><span class='ocrx_word' id='word_1_143' title='bbox 312 2753 348 2816; x_wconf 80' lang='grc' dir='ltr'><strong>έν</strong></span> <span class='ocrx_word' id='word_1_144' title='bbox 370 2759 477 2818; x_wconf 82' lang='grc' dir='ltr'><em>τοῖσιν</em></span> <span class='ocrx_word' id='word_1_145' title='bbox 497 2748 613 2828; x_wconf 76' lang='grc' dir='ltr'><em>αὐλοῖς</em></span> <span class='ocrx_word' id='word_1_146' title='bbox 632 2751 774 2836; x_wconf 75' lang='grc' dir='ltr'><em>μουσικὴ</em></span> <span class='ocrx_word' id='word_1_147' title='bbox 797 2750 862 2817; x_wconf 86' lang='grc' dir='ltr'><em>κοίν</em></span> <span class='ocrx_word' id='word_1_148' title='bbox 884 2754 924 2844; x_wconf 77' lang='grc' dir='ltr'><strong>τῇ</strong></span> <span class='ocrx_word' id='word_1_149' title='bbox 945 2749 1030 2842; x_wconf 80' lang='grc' dir='ltr'><em>λίρρι</em></span> 
     </span>
    </p>

    <p class='ocr_par' dir='ltr' id='par_1_7' title="bbox 312 2845 1032 2948">
     <span class='ocr_line' id='line_1_24' title="bbox 312 2845 1032 2948; baseline 0 -24"><span class='ocrx_word' id='word_1_150' title='bbox 312 2862 382 2936; x_wconf 81' lang='grc' dir='ltr'><em>τοῖς</em></span> <span class='ocrx_word' id='word_1_151' title='bbox 401 2853 589 2945; x_wconf 79' lang='grc' dir='ltr'><em>ἡμετέροισι</em></span> <span class='ocrx_word' id='word_1_152' title='bbox 603 2857 785 2948; x_wconf 75' lang='grc' dir='ltr'><em>παιγνίοις·</em></span> <span class='ocrx_word' id='word_1_153' title='bbox 808 2849 892 2924; x_wconf 80' lang='grc' dir='ltr'><em>ὅταν</em></span> <span class='ocrx_word' id='word_1_154' title='bbox 912 2855 974 2947; x_wconf 77' lang='grc' dir='ltr'><em>γὰρ</em></span> <span class='ocrx_word' id='word_1_155' title='bbox 995 2845 1032 2924; x_wconf 77' lang='grc' dir='ltr'><strong>εὖ</strong></span> 
     </span>
    </p>

    <p class='ocr_par' dir='ltr' id='par_1_8' title="bbox 312 2959 1073 3057">
     <span class='ocr_line' id='line_1_25' title="bbox 312 2959 1073 3057; baseline 0.001 -26"><span class='ocrx_word' id='word_1_156' title='bbox 312 2961 509 3057; x_wconf 76' lang='grc' dir='ltr'><em>συναρμόσῃ</em></span> <span class='ocrx_word' id='word_1_157' title='bbox 534 2990 584 3044; x_wconf 80' lang='grc' dir='ltr'><strong>τις</strong></span> <span class='ocrx_word' id='word_1_158' title='bbox 611 2969 680 3042; x_wconf 83' lang='grc' dir='ltr'><em>τοῖς</em></span> <span class='ocrx_word' id='word_1_159' title='bbox 701 2963 841 3031; x_wconf 82' lang='grc' dir='ltr'><em>συνοῦσι</em></span> <span class='ocrx_word' id='word_1_160' title='bbox 862 2963 923 3030; x_wconf 81' lang='grc' dir='ltr'><strong>τὸν</strong></span> <span class='ocrx_word' id='word_1_161' title='bbox 949 2959 1073 3054; x_wconf 80' lang='grc' dir='ltr'><em>τρόπον</em></span> 
     </span>
    </p>

    <p class='ocr_par' dir='ltr' id='par_1_9' title="bbox 312 3069 973 3162">
     <span class='ocr_line' id='line_1_26' title="bbox 312 3069 973 3162; baseline 0.002 -24"><span class='ocrx_word' id='word_1_162' title='bbox 312 3069 383 3139; x_wconf 78' lang='grc' dir='ltr'><strong>τόθ</strong></span> <span class='ocrx_word' id='word_1_163' title='bbox 407 3070 426 3152; x_wconf 80' lang='grc' dir='ltr'><strong>η’</strong></span> <span class='ocrx_word' id='word_1_164' title='bbox 446 3072 585 3159; x_wconf 75' lang='grc' dir='ltr'><em>μεγίστη</em></span> <span class='ocrx_word' id='word_1_165' title='bbox 608 3074 724 3161; x_wconf 76' lang='grc' dir='ltr'><em>τέρψις</em></span> <span class='ocrx_word' id='word_1_166' title='bbox 745 3071 973 3162; x_wconf 77' lang='grc' dir='ltr'><em>ἐξευρίσκεται.</em></span> 
     </span>
    </p>

    <p class='ocr_par' dir='ltr' id='par_1_10' title="bbox 111 3175 1273 3464">
     <span class='ocr_line' id='line_1_27' title="bbox 195 3175 1273 3273; baseline 0.002 -26"><span class='ocrx_word' id='word_1_167' title='bbox 195 3175 349 3248; x_wconf 83' lang='lat' dir='ltr'><strong>Ceterum</strong></span> <span class='ocrx_word' id='word_1_168' title='bbox 370 3191 499 3272; x_wconf 84' lang='lat' dir='ltr'><strong>praeter</strong></span> <span class='ocrx_word' id='word_1_169' title='bbox 521 3182 596 3248; x_wconf 86' lang='lat' dir='ltr'><strong>artis</strong></span> <span class='ocrx_word' id='word_1_170' title='bbox 612 3180 869 3273; x_wconf 83' lang='lat' dir='ltr'><strong>depravationes,</strong></span> <span class='ocrx_word' id='word_1_171' title='bbox 891 3191 1002 3248; x_wconf 87' lang='lat' dir='ltr'><strong>contra</strong></span> <span class='ocrx_word' id='word_1_172' title='bbox 1016 3181 1157 3252; x_wconf 87' lang='lat' dir='ltr'><strong>Musieos</strong></span> <span class='ocrx_word' id='word_1_173' title='bbox 1177 3183 1273 3249; x_wconf 87' lang='lat' dir='ltr'><strong>etiam</strong></span> 
     </span>
     <span class='ocr_line' id='line_1_28' title="bbox 111 3287 1273 3381; baseline 0.006 -31"><span class='ocrx_word' id='word_1_174' title='bbox 111 3287 207 3376; x_wconf 90' lang='lat' dir='ltr'><strong>ipsos,</strong></span> <span class='ocrx_word' id='word_1_175' title='bbox 228 3295 341 3378; x_wconf 88' lang='lat' dir='ltr'><strong>poetas</strong></span> <span class='ocrx_word' id='word_1_176' title='bbox 365 3288 506 3355; x_wconf 88' lang='lat' dir='ltr'><strong>comicos</strong></span> <span class='ocrx_word' id='word_1_177' title='bbox 529 3288 696 3355; x_wconf 88' lang='lat' dir='ltr'><strong>strinxisse</strong></span> <span class='ocrx_word' id='word_1_178' title='bbox 714 3287 874 3354; x_wconf 89' lang='lat' dir='ltr'><strong>calamum</strong></span> <span class='ocrx_word' id='word_1_179' title='bbox 889 3311 947 3379; x_wconf 89' lang='lat' dir='ltr'><strong>per</strong></span> <span class='ocrx_word' id='word_1_180' title='bbox 965 3312 1001 3357; x_wconf 92' lang='lat' dir='ltr'><strong>se</strong></span> <span class='ocrx_word' id='word_1_181' title='bbox 1022 3297 1120 3380; x_wconf 91' lang='lat' dir='ltr'><strong>patet.</strong></span> <span class='ocrx_word' id='word_1_182' title='bbox 1163 3288 1273 3381; x_wconf 85' lang='lat' dir='ltr'><strong>ltaque</strong></span> 
     </span>
     <span class='ocr_line' id='line_1_29' title="bbox 112 3391 558 3464; baseline -0.002 0"><span class='ocrx_word' id='word_1_183' title='bbox 112 3391 259 3464; x_wconf 84' lang='lat' dir='ltr'><strong>Pherecr.</strong></span> <span class='ocrx_word' id='word_1_184' title='bbox 280 3393 313 3460; x_wconf 94' lang='lat' dir='ltr'><strong>in</strong></span> <span class='ocrx_word' id='word_1_185' title='bbox 335 3393 425 3463; x_wconf 85' lang='lat' dir='ltr'><strong>Feris</strong></span> <span class='ocrx_word' id='word_1_186' title='bbox 438 3396 484 3464; x_wconf 88' lang='lat' dir='ltr'><strong>.fr.</strong></span> <span class='ocrx_word' id='word_1_187' title='bbox 497 3394 558 3463; x_wconf 67' lang='lat' dir='ltr'>&#39;lV.</span> 
     </span>
    </p>

    <p class='ocr_par' dir='ltr' id='par_1_11' title="bbox 193 3495 1060 3594">
     <span class='ocr_line' id='line_1_30' title="bbox 193 3495 1060 3594; baseline 0.002 -30"><span class='ocrx_word' id='word_1_188' title='bbox 193 3500 239 3568; x_wconf 85' lang='lat' dir='ltr'><strong>A.</strong></span> <span class='ocrx_word' id='word_1_189' title='bbox 276 3495 358 3587; x_wconf 65' lang='lat' dir='ltr'><strong>‘rip&#39;</strong></span> <span class='ocrx_word' id='word_1_190' title='bbox 389 3503 459 3583; x_wconf 76' lang='lat' dir='ltr'><strong>tta,</strong></span> <span class='ocrx_word' id='word_1_191' title='bbox 481 3498 674 3594; x_wconf 75' lang='grc' dir='ltr'><em>κιθαρῳδὸς</em></span> <span class='ocrx_word' id='word_1_192' title='bbox 696 3497 744 3578; x_wconf 84' lang='grc' dir='ltr'><strong>τίς</strong></span> <span class='ocrx_word' id='word_1_193' title='bbox 765 3496 897 3580; x_wconf 70' lang='grc' dir='ltr'><em>κυίκιςορ</em></span> <span class='ocrx_word' id='word_1_194' title='bbox 917 3500 1060 3586; x_wconf 69' lang='grc' dir='ltr'><strong>ἐγένετσς</strong></span> 
     </span>
    </p>

    <p class='ocr_par' dir='ltr' id='par_1_12' title="bbox 191 3595 1186 3704">
     <span class='ocr_line' id='line_1_31' title="bbox 191 3595 1186 3704; baseline 0.003 -32"><span class='ocrx_word' id='word_1_195' title='bbox 191 3605 236 3675; x_wconf 89' lang='grc' dir='ltr'><strong>Β.</strong></span> <span class='ocrx_word' id='word_1_196' title='bbox 269 3603 304 3672; x_wconf 88' lang='lat' dir='ltr'><strong>‘O</strong></span> <span class='ocrx_word' id='word_1_197' title='bbox 325 3607 470 3674; x_wconf 77' lang='lat' dir='ltr'><strong>Heraion</strong></span> <span class='ocrx_word' id='word_1_198' title='bbox 492 3611 618 3691; x_wconf 84' lang='grc' dir='ltr'><strong><em>Μέλης.</em></strong></span> <span class='ocrx_word' id='word_1_199' title='bbox 661 3596 708 3676; x_wconf 73' lang='lat' dir='ltr'><strong>A.&#39;</strong></span> <span class='ocrx_word' id='word_1_200' title='bbox 735 3605 819 3694; x_wconf 79' lang='grc' dir='ltr'><em>μετὰ</em></span> <span class='ocrx_word' id='word_1_201' title='bbox 843 3607 1047 3704; x_wconf 56' lang='grc' dir='ltr'><strong>Μέληταλ</strong></span> <span class='ocrx_word' id='word_1_202' title='bbox 1077 3595 1120 3690; x_wconf 77' lang='grc' dir='ltr'><strong>ἦν</strong></span> <span class='ocrx_word' id='word_1_203' title='bbox 1144 3649 1186 3660; x_wconf 88' lang='grc'><strong>-</strong></span> 
     </span>
    </p>

    <p class='ocr_par' dir='ltr' id='par_1_13' title="bbox 111 3703 1273 4121">
     <span class='ocr_line' id='line_1_32' title="bbox 195 3703 1172 3808; baseline 0.007 -31"><span class='ocrx_word' id='word_1_204' title='bbox 195 3713 237 3782; x_wconf 88' lang='lat' dir='ltr'><strong>B.</strong></span> <span class='ocrx_word' id='word_1_205' title='bbox 269 3710 317 3799; x_wconf 79' lang='grc' dir='ltr'><strong>ἔχ’</strong></span> <span class='ocrx_word' id='word_1_206' title='bbox 342 3708 506 3803; x_wconf 74' lang='grc' dir='ltr'><em>ἀτρέμας·</em></span> <span class='ocrx_word' id='word_1_207' title='bbox 537 3703 662 3808; x_wconf 66' lang='grc' dir='ltr'><em>ἐγῷδα·</em></span> <span class='ocrx_word' id='word_1_208' title='bbox 693 3717 824 3805; x_wconf 83' lang='grc' dir='ltr'><em>Χαῖρις.</em></span> <span class='ocrx_word' id='word_1_209' title='bbox 1164 3797 1172 3808; x_wconf 36' lang='grc'>1</span> 
     </span>
     <span class='ocr_line' id='line_1_33' title="bbox 113 3810 1273 3914; baseline 0.012 -31"><span class='ocrx_word' id='word_1_210' title='bbox 113 3841 207 3908; x_wconf 90' lang='lat' dir='ltr'><strong>quem</strong></span> <span class='ocrx_word' id='word_1_211' title='bbox 229 3819 270 3888; x_wconf 87' lang='lat' dir='ltr'><strong>ad</strong></span> <span class='ocrx_word' id='word_1_212' title='bbox 291 3821 399 3890; x_wconf 89' lang='lat' dir='ltr'><strong>locum</strong></span> <span class='ocrx_word' id='word_1_213' title='bbox 422 3819 531 3891; x_wconf 88' lang='lat' dir='ltr'><strong>Schol.</strong></span> <span class='ocrx_word' id='word_1_214' title='bbox 554 3810 597 3902; x_wconf 80' lang='grc' dir='ltr'><strong>ἦν</strong></span> <span class='ocrx_word' id='word_1_215' title='bbox 618 3823 653 3888; x_wconf 76' lang='grc' dir='ltr'><strong>δὲ</strong></span> <span class='ocrx_word' id='word_1_216' title='bbox 676 3820 695 3888; x_wconf 85' lang='grc' dir='ltr'><strong>ὁ</strong></span> <span class='ocrx_word' id='word_1_217' title='bbox 720 3825 842 3911; x_wconf 83' lang='grc' dir='ltr'><em>Χαίρις</em></span> <span class='ocrx_word' id='word_1_218' title='bbox 863 3813 959 3901; x_wconf 77' lang='grc' dir='ltr'><em>οὗτος</em></span> <span class='ocrx_word' id='word_1_219' title='bbox 979 3823 1187 3914; x_wconf 74' lang='grc' dir='ltr'><em>κιθαρῳδός·</em></span> <span class='ocrx_word' id='word_1_220' title='bbox 1214 3833 1273 3896; x_wconf 81' lang='grc' dir='ltr'><em>καί</em></span> 
     </span>
     <span class='ocr_line' id='line_1_34' title="bbox 111 3919 1271 4022; baseline 0.006 -32"><span class='ocrx_word' id='word_1_221' title='bbox 111 3925 240 4014; x_wconf 74' lang='grc' dir='ltr'><em>μέμονεν</em></span> <span class='ocrx_word' id='word_1_222' title='bbox 261 3923 421 4011; x_wconf 77' lang='grc' dir='ltr'><strong>αὐλητής·</strong></span> <span class='ocrx_word' id='word_1_223' title='bbox 444 3927 515 3996; x_wconf 83' lang='grc' dir='ltr'><em>ἔστι</em></span> <span class='ocrx_word' id='word_1_224' title='bbox 532 3931 589 3996; x_wconf 83' lang='grc' dir='ltr'><em>καί</em></span> <span class='ocrx_word' id='word_1_225' title='bbox 607 3929 715 4017; x_wconf 78' lang='grc' dir='ltr'><em>ἕτερος</em></span> <span class='ocrx_word' id='word_1_226' title='bbox 733 3924 886 4012; x_wconf 77' lang='grc' dir='ltr'><strong>αὐλητής,</strong></span> <span class='ocrx_word' id='word_1_227' title='bbox 909 3919 949 3996; x_wconf 78' lang='grc' dir='ltr'><strong>οὗ</strong></span> <span class='ocrx_word' id='word_1_228' title='bbox 964 3929 1163 4017; x_wconf 73' lang='grc' dir='ltr'><em>μνημονεύει</em></span> <span class='ocrx_word' id='word_1_229' title='bbox 1180 3934 1271 4022; x_wconf 81' lang='grc' dir='ltr'><em>Κρα·</em></span> 
     </span>
     <span class='ocr_line' id='line_1_35' title="bbox 112 4033 425 4121; baseline 0.026 -25"><span class='ocrx_word' id='word_1_230' title='bbox 112 4033 197 4112; x_wconf 84' lang='grc' dir='ltr'><em>τίνος</em></span> <span class='ocrx_word' id='word_1_231' title='bbox 218 4034 254 4100; x_wconf 77' lang='grc' dir='ltr'><strong>ἐν</strong></span> <span class='ocrx_word' id='word_1_232' title='bbox 274 4035 425 4121; x_wconf 80' lang='grc' dir='ltr'><em>Νεμέσει.</em></span> 
     </span>
    </p>

    <p class='ocr_par' dir='ltr' id='par_1_14' title="bbox 112 4139 1273 4428">
     <span class='ocr_line' id='line_1_36' title="bbox 193 4139 1273 4238; baseline 0.006 -31"><span class='ocrx_word' id='word_1_233' title='bbox 193 4139 412 4226; x_wconf 84' lang='lat' dir='ltr'><strong>Execestidis,</strong></span> <span class='ocrx_word' id='word_1_234' title='bbox 441 4167 538 4236; x_wconf 86' lang='lat' dir='ltr'><strong>quem</strong></span> <span class='ocrx_word' id='word_1_235' title='bbox 559 4142 656 4236; x_wconf 91' lang='lat' dir='ltr'><strong>paulo</strong></span> <span class='ocrx_word' id='word_1_236' title='bbox 680 4154 754 4212; x_wconf 87' lang='lat' dir='ltr'><strong>ante</strong></span> <span class='ocrx_word' id='word_1_237' title='bbox 777 4146 858 4214; x_wconf 88' lang='lat' dir='ltr'>Avv.</span> <span class='ocrx_word' id='word_1_238' title='bbox 882 4146 945 4212; x_wconf 81' lang='lat'><strong>765</strong></span> <span class='ocrx_word' id='word_1_239' title='bbox 967 4156 1100 4238; x_wconf 83' lang='lat' dir='ltr'><strong>propter</strong></span> <span class='ocrx_word' id='word_1_240' title='bbox 1121 4141 1273 4216; x_wconf 87' lang='lat' dir='ltr'><strong>servilem</strong></span> 
     </span>
     <span class='ocr_line' id='line_1_37' title="bbox 112 4243 1271 4342; baseline 0.013 -33"><span class='ocrx_word' id='word_1_241' title='bbox 112 4243 324 4328; x_wconf 89' lang='lat' dir='ltr'><strong>conditionem</strong></span> <span class='ocrx_word' id='word_1_242' title='bbox 346 4252 449 4342; x_wconf 82' lang='lat' dir='ltr'><strong>tetigit</strong></span> <span class='ocrx_word' id='word_1_243' title='bbox 469 4250 715 4340; x_wconf 88' lang='lat' dir='ltr'><strong>Aristophanes,</strong></span> <span class='ocrx_word' id='word_1_244' title='bbox 750 4255 845 4320; x_wconf 85' lang='lat' dir='ltr'><strong>ctiam</strong></span> <span class='ocrx_word' id='word_1_245' title='bbox 873 4254 948 4320; x_wconf 89' lang='lat' dir='ltr'><strong>artis</strong></span> <span class='ocrx_word' id='word_1_246' title='bbox 968 4277 1083 4322; x_wconf 89' lang='lat' dir='ltr'><strong>caussa</strong></span> <span class='ocrx_word' id='word_1_247' title='bbox 1106 4254 1179 4323; x_wconf 89' lang='lat' dir='ltr'><strong>alibi</strong></span> <span class='ocrx_word' id='word_1_248' title='bbox 1202 4277 1271 4324; x_wconf 92' lang='lat' dir='ltr'><strong>me-</strong></span> 
     </span>
     <span class='ocr_line' id='line_1_38' title="bbox 112 4351 1053 4428; baseline 0.01 -10"><span class='ocrx_word' id='word_1_249' title='bbox 112 4351 238 4418; x_wconf 88' lang='lat' dir='ltr'><strong>minisse</strong></span> <span class='ocrx_word' id='word_1_250' title='bbox 262 4357 348 4426; x_wconf 87' lang='lat' dir='ltr'><strong>testis</strong></span> <span class='ocrx_word' id='word_1_251' title='bbox 373 4366 422 4424; x_wconf 87' lang='lat' dir='ltr'><strong>cst</strong></span> <span class='ocrx_word' id='word_1_252' title='bbox 443 4356 551 4426; x_wconf 88' lang='lat' dir='ltr'><strong>Schol.</strong></span> <span class='ocrx_word' id='word_1_253' title='bbox 576 4357 669 4424; x_wconf 83' lang='lat' dir='ltr'><strong>Arist.</strong></span> <span class='ocrx_word' id='word_1_254' title='bbox 694 4360 775 4426; x_wconf 83' lang='lat' dir='ltr'>Avv.</span> <span class='ocrx_word' id='word_1_255' title='bbox 802 4362 836 4424; x_wconf 92' lang='lat' dir='ltr'><strong>ll</strong></span> <span class='ocrx_word' id='word_1_256' title='bbox 862 4357 910 4427; x_wconf 88' lang='lat' dir='ltr'><strong>his</strong></span> <span class='ocrx_word' id='word_1_257' title='bbox 933 4361 1053 4428; x_wconf 88' lang='lat' dir='ltr'><strong>verbis:</strong></span> 
     </span>
    </p>
   </div>
   <div class='ocr_carea' id='block_1_5' title="bbox 0 0 1531 4998">
    <p class='ocr_par' dir='ltr' id='par_1_15' title="bbox 0 0 1531 4998">
     <span class='ocr_line' id='line_1_39' title="bbox 0 0 1531 4998; baseline 0 0"><span class='ocrx_word' id='word_1_258' title='bbox 0 0 1531 4998; x_wconf 95' lang='lat' dir='ltr'><strong> </strong></span> 
     </span>
    </p>
   </div>
  </div>
 </body>
</html>
