3044 4982
814 297 866 368 30

274 511 331 554 nee
350 487 452 568 legem
471 479 650 564 huiusmodi
676 481 872 562 insanimus,
896 503 1001 568 noque
1028 486 1128 550 ulium
1152 482 1229 564 legis
1255 485 1419 551 inditium.

272 595 324 656 An
343 593 404 656 hoo
424 609 493 650 cum
515 598 596 652 esset
617 587 813 668 permissum,
833 585 1002 652 histriones
1023 587 1174 669 praemiis
1184 586 1345 668 adductos,
1365 591 1417 653 vel

273 713 328 774 spe
359 691 438 754 certi
467 689 596 752 honoris
624 688 773 752 invitatos
800 708 866 752 esse
894 700 1056 770 putamus,
1086 703 1124 756 ut
1152 691 1274 756 fabulas
1294 699 1419 774 po'e‘tae,

272 796 329 878 qui
358 791 486 877 quidem
514 790 702 869 decesserat,
740 792 880 874 populo¹
897 794 994 859 semel
1021 805 1116 876 atque
1140 791 1257 856 iterum
1288 796 1418 860 exhibe·

271 891 365 958 rent?
408 893 496 971 Quae
517 891 599 956 ratio
629 890 713 954 haud
735 891 830 955 dubie
851 906 999 976 praestat.
1031 893 1139 960 'Nam
1158 895 1216 972 ie.
1235 894 1293 978 qui
1320 894 1416 961 vitam

269 1000 419 1083 Aeschyli
440 997 584 1078 scripsitr
615 989 801 1081 Ἀθηναῖοι
823 996 876 1076 δὲ,
902 997 1024 1082 inquit,
1044 998 1212 1066 τοσοῦτον
1233 991 1417 1082 ἠγάπησαν

271 1101 460 1192 Ashzo'iov,
480 1096 523 1176 eir
543 1099 778 1188 ψηφίσασθαι,
800 1093 889 1180 used
905 1095 1065 1168 θάνατον
1082 1093 1193 1168 αὐτοῦ
1211 1092 1273 1168 τδν
1288 1095 1418 1184 βουλό·

271 1231 382 1292 μανον
399 1203 571 1274 διδάσκειν
593 1199 637 1272 τοὶ
657 1197 831 1292 Αἰσχύλου
850 1197 976 1292 χρυσὸν
996 1201 1204 1288 λαμβάνειν.
1246 1201 1420 1270 Athenien·

271 1330 321 1373 aes
348 1308 448 1389 igitur
478 1309 689 1372 emolumenta
714 1304 754 1368 iis
781 1305 1007 1386 promiserant,
1036 1307 1094 1388 qui
1123 1307 1242 1372 isbulaa
1272 1305 1420 1386 Aeschyli

271 1413 394 1474 vellent
409 1409 534 1475 docere
577 1406 666 1486 Quae
692 1407 797 1490 qualia
818 1407 913 1470 fuisso
935 1403 1117 1475 censemus?
1157 1408 1220 1470 Res
1244 1406 1338 1470 dubia
1361 1418 1420 1469 est.

271 1513 354 1576 Nam
374 1533 436 1594 pro
455 1509 590 1601 χρυσὸν,
611 1508 699 1594 quod
720 1510 957 1574 Boeokhius
971 1513 995 1574 1.
1006 1512 1029 1572 1.
1043 1513 1136 1592 pro,
1160 1508 1308 1594 quodque
1322 1509 1419 1570 Her·

273 1637 445 1680 mannus
466 1617 642 1697 t1.p.158
658 1615 768 1692 habet,
787 1615 950 1696 exemplar
968 1613 1158 1678 Vossianum
1179 1614 1279 1701 χορὸν
1299 1623 1417 1675 tuetur.

272 1719 372 1801 Atqui
392 1719 505 1801 postis,
526 1719 582 1784 rel
590 1716 810 1794 histrionibus,
831 1716 887 1798 qui
908 1714 1064 1778 desiderio
1085 1715 1134 1778 itti
1150 1715 1276 1796 publico
1296 1714 1417 1779 sensns

273 1824 483 1900 conabantur,
513 1839 578 1884 non
599 1817 812 1900 denegandam
832 1839 905 1882 esse.
919 1817 1110 1896 mercedem,
1135 1839 1187 1882 ras
1208 1817 1285 1882 adeo
1306 1818 1420 1902 loques

273 1926 381 2003 betur,
402 1936 455 2002 ut,
475 1920 634 2006 quidquid
655 1920 695 1986 de
715 1941 751 1989 eo
772 1943 808 1984 re
830 1921 865 1988 in
886 1921 1015 1986 demeto
1034 1921 1212 1990 distinctius
1235 1941 1417 2002 expressum

273 2026 325 2102 sit,
344 2025 380 2086 id
400 2027 494 2104 plane
515 2040 782 2103 supervacaneum
803 2023 970 2088 habeamus
980 2023 1018 2108 ¹).
1059 2025 1159 2088 Porro
1180 2025 1207 2088 'si
1229 2023 1298 2086 dari
1323 2043 1418 2105 pecu-

275 2126 361 2188 niam
382 2126 572 2202 voluisseut,
594 2125 812 2204 grammaticus
834 2123 981 2194 nensis
1003 2118 1420 2211 διδάσκειν-βουλόμενον,

275 2225 332 2292 sed
351 2238 407 2290 aut
426 2221 489 2294 eds
509 2223 711 2294 διδάσκοντα
732 2223 879 2304 dixisset,
906 2238 962 2291 aut
989 2221 1052 2296 ads
1072 2223 1277 2306 διδάξαντα,
1307 2247 1377 2292 oum
1396 2249 1416 2290 s

274 2329 397 2406 verbis,
415 2347 497 2411 quas
520 2349 603 2392 nunc
623 2330 788 2410 leguntur,
817 2342 956 2396 notorem
976 2351 1042 2396 non
1062 2343 1128 2394 tam
1147 2331 1323 2412 praemium
1343 2353 1417 2414 por·

275 2432 337 2494 aeti
357 2432 475 2494 laboris
497 2430 660 2511 europiam,
680 2453 774 2515 quam
796 2434 957 2500 commoda
978 2433 1130 2518 quasdam
1151 2435 1416 2516 anta'p‘erospisss

275 2533 413 2612 colligas,
432 2555 528 2618 quana
549 2535 671 2598 fabulas
690 2537 824 2618 agendas
846 2541 1028 2624 susciperet.
1069 2540 1180 2620 Itaque
1200 2537 1294 2600 lartio
1314 2532 1417 2625 χορδν

274 2649 424 2718 praestat,
446 2640 485 2702 ab
506 2637 644 2700 Erech.
667 2639 920 2721 spanhemio
940 2643 980 2706 ad
1002 2639 1417 2722 Aristoph.1tsn.94pro·

275 2740 358 2802 bata.
409 2744 442 2806 Is
462 2741 546 2806 enim
567 2743 671 2806 locum
698 2743 743 2806 ita
763 2746 876 2808 Latine
897 2747 1008 2811 vertit:
1040 2748 1101 2824 „tls
1125 2750 1177 2828 qui
1203 2746 1296 2806 odlart
1317 2745 1421 2804 docus

275 2843 406 2925 Aeschyli
416 2845 548 2924 fatuas,
569 2851 666 2908 odoras
684 2849 898 2930 praeferremus
917 2861 945 2912 as
966 2852 1083 2911 chorum
1095 2843 1279 2928 πόρσω]
1318 2844 1420 2904 Athe·

275 2943 399 3006 nienses
431 2944 548 3024 igitur,
581 2967 651 3010 cum
680 2949 818 3031 reliquas
848 2949 969 3013 nbulas
997 2947 1037 3010 ad
1066 2949 1247 3012 arohomm
1276 2943 1421 3024 delegare

277 3047 518 3126 consuevissent,
532 3061 575 3112 'ut
596 3049 623 3114 is
644 3049 813 3132 judiearet,
834 3065 942 3116 utrum
963 3053 1060 3116 ohoro
1082 3047 1260 3127 ornandae,
1280 3069 1321 3110 an
1342 3066 1420 3112 vero

276 3148 490 3230 repudiandae
508 3162 621 3231 assent,
643 3151 862 3218 casaubon.
886 3154 925 3218 ad
942 3156 1056 3218 Athen.
1066 3153 1158 3216 xlv.
1167 3171 1199 3232 p.
1209 3151 1283 3213 907.
1304 3149 1421 3232 Span-

276 3253 369 3314 hem.
390 3253 447 3320 l.l.
490 3252 700 3315 Ruhnken.
722 3252 838 3334 Opuao.
861 3259 898 3318 T.
914 3257 939 3319 1.
961 3251 1161 3338 paseha.
1182 3249 1361 3335 aristen),
1385 3253 1420 3316 in

276 3354 424 3432 Aeschyli
445 3353 535 3432 poe'si
555 3364 789 3440 mutantesque
810 3357 918 3422 laudes
932 3358 1177 3434 admirabantur,
1200 3366 1236 3416 ut
1252 3353 1420 3436 unicuique

278 3454 408 3517 chorum
420 3454 606 3534 ,sumptibus
628 3458 762 3538 puhlicis
782 3460 817 3522 in
834 3474 996 3544 posterum
1011 3470 1185 3524 statuerent
1206 3453 1421 3537 praebendum

278 3574 354 3633 esee,
376 3556 433 3638 qui
454 3556 575 3620 fabulas
595 3562 662 3636 ejus
680 3563 778 3624 veliet
800 3561 922 3627 dooere.
965 3562 1034 3640 Qua
1056 3560 1184 3644 quidam
1205 3579 1240 3622 re
1264 3580 1335 3622 eum
1354 3577 1420 3620 me·

277 3657 379 3720 moria
409 3660 595 3724 nobilissimi
626 3665 760 3729 hominis
793 3670 896 3748 ample
932 3667 1087 3749 digneque
1124 3672 1319 3739 consecrata,
1351 3671 1420 3724 tum

278 3781 406 3841 megum
428 3772 592 3844 positarum
614 3780 708 3851 atquo
731 3771 923 3834 histrionum
943 3789 1092 3854 numerus
1112 3769 1267 3849 pellectus
1295 3775 1356 3842 est,
1384 3773 1421 3824 ut

278 3864 451 3942 tragoedias
473 3864 619 3948 ederent,
643 3889 722 3951 quas
742 3874 879 3952 populus
902 3886 1043 3952 spectans
1064 3870 1220 3951 cupiebat.
1262 3865 1421 3931 Nimirum

278 3965 309 4024 in
340 3966 458 4032 civibus
486 3969 531 4032 its
560 3971 710 4036 uirtutem
738 3995 773 4034 ac
801 3974 923 4055 patriae
950 3993 1088 4036 amorem
1119 3970 1336 4035 confirmatum
1366 3987 1422 4028 au·

349 4211 380 4279 1)
397 4211 491 4284 Longa
503 4211 581 4266 aliter
592 4213 748 4284 judicarem,
767 4217 789 4270 si
806 4218 885 4272 nobis
902 4219 1006 4290 copiam
1024 4172 1320 4292 psenoiaeindioasset,
1338 4229 1422 4284 quam

278 4297 330 4350 illis
346 4297 438 4353 deberi
456 4312 611 4357 sumerent.
648 4303 812 4377 Quanquam
833 4309 989 4366 etiamnunc
1004 4311 1041 4364 iia
1057 4309 1121 4363 laris
1137 4325 1196 4362 non
1213 4318 1288 4373 mm,
1312 4314 1344 4358 ut
1361 4319 1423 4357 oer-

279 4396 337 4439 tum
357 4395 440 4458 utque
458 4389 628 4445 manifestum
647 4392 761 4448 omnino
780 4393 888 4466 duum,
906 4397 979 4470 quod
998 4397 1089 4450 videor
1107 4393 1173 4448 mihi
1188 4391 1338 4464 disperisse.
