3044 4982
818 273 870 346 to

271 473 322 536 uel
344 463 555 560 amplificare?
600 461 707 542 Quod,
737 461 799 524 nisi
826 458 1000 541 praeclaras
1029 456 1091 538 ipsi
1119 454 1296 538 tragoedias
1320 463 1419 522 semel

272 587 365 658 atque
386 574 502 634 iterum
526 567 688 646 docentes,
716 561 925 644 non'assequi
947 572 1104 642 poterant.

354 677 423 738 Jarn
444 674 485 738 de
506 675 604 736 altera
625 689 724 752 eaque
748 664 920 730 difficiliori
941 662 1134 746 quaestionis
1157 673 1248 744 parts
1269 662 1420 746 dicemus,

271 794 306 844 ut
328 791 495 861 appareat,
526 775 663 838 iidemns
686 791 882 845 communem
901 767 1059 852 quandam
1086 764 1225 828 indolem
1244 769 1350 848 po'e'sis
1371 791 1420 832 se·

270 884 335 946 cuti
356 865 539 957 habuerint,
565 875 653 961 quod
679 877 732 940 vel
760 876 822 957 ipsi
841 893 956 936 nomen
976 872 1101 934 scholae
1123 869 1276 950 professi,
1303 874 1355 935 vel
1377 877 1419 936 ab

270 988 340 1052 aliis
360 987 394 1050 in
416 1007 452 1048 ea
468 979 636 1066 postmodo
657 979 814 1042 numerati
834 980 909 1042 sint.
950 974 1111 1039 Videntur
1126 973 1224 1052 igitur
1240 993 1312 1038 suas
1333 976 1420 1058 ipso-

270 1111 343 1154 rum
364 1090 486 1152 fabulas
505 1086 546 1149 ad
566 1085 704 1168 aliquem
725 1082 873 1166 Aeschyli
893 1079 1130 1145 similitudinem
1151 1075 1320 1142 effinxisse.
1372 1083 1419 1145 Ut

270 1194 407 1256 enimin
428 1193 572 1255 omnihus
595 1188 721 1252 familiis
745 1199 828 1250 certa
849 1185 1010 1249 hominum
1038 1181 1161 1245 indoles
1189 1195 1341 1264 apparst3
1373 1187 1419 1248 sic

270 1307 302 1360 st
324 1295 358 1357 in
386 1295 451 1360 rita
471 1293 603 1358 rationis
631 1313 666 1354 ac
686 1310 808 1353 morum
835 1302 867 1352 et
897 1287 1072 1350 inertibus
1094 1284 1278 1368 disciplinas
1305 1289 1418 1352 modus

270 1397 411 1461 omnium
432 1397 605 1461 communis
629 1416 665 1457 ac
685 1394 836 1476 proprius
858 1403 915 1470 est,
936 1411 1031 1474 quem
1052 1402 1185 1470 propter
1204 1390 1336 1470 gloriam
1352 1414 1418 1456 ma·

269 1506 390 1580 iorum,
416 1513 470 1563 out
491 1521 578 1564 suam
599 1498 845 1562 imbecillitatem
866 1494 1040 1560 diutissime
1060 1493 1222 1572 obtinent,
1253 1516 1325 1560 cum
1346 1519 1418 1562 suas

179 1613 182 1619 '
269 1605 331 1688 ipsi
353 1604 419 1669 vias
440 1603 575 1666 feliciter
593 1603 743 1685 persequi
773 1611 940 1684 nequeant.
992 1598 1039 1662 Ut
1065 1616 1141 1660 vero
1163 1599 1328 1678 progenies
1353 1603 1418 1674 ne·

269 1707 370 1790 schyli
391 1707 548 1770 rationem
577 1707 682 1786 magni
709 1715 821 1786 poetae
850 1715 1008 1780 servaret,
1041 1713 1106 1764 tam
1134 1700 1317 1766 immortalis
1348 1710 1415 1779 eius

269 1810 370 1890 gloria
391 1809 503 1887 effecit,
525 1831 620 1892 quom
642 1808 808 1892 splendida
829 1808 947 1888 gratioe
964 1805 1160 1884 documenta,
1179 1825 1260 1888 quas
1279 1807 1417 1886 populus

270 1925 334 1975 tam
355 1913 548 1990 luculenter,
576 1923 703 1995 tamque
725 1915 813 1992 large
835 1910 997 1988 exhibuit,
1019 1922 1056 1972 ut
1078 1909 1216 1987 nescias,
1248 1923 1416 1974 mortuone

268 2019 387 2098 plures,
409 2037 449 2076 an
471 2015 544 2077 vivo
561 2027 593 2078 et
612 2017 771 2096 praesenti
788 2017 923 2076 bonores
939 2013 1119 2075 tribuerint.
1162 2012 1309 2090 Accessit,
1330 2013 1415 2096 qood

269 2114 460 2195 corrigendis
477 2116 625 2198 Aeschyli
650 2117 763 2181 fabulis
783 2116 876 2179 initio
892 2116 977 2179 sires
995 2117 1201 2179 excoluerunt
1215 2116 1416 2200 amorumque

269 2221 450 2282 imbuerunt
471 2218 510 2282 ad
532 2219 699 2302 proprium
720 2220 825 2303 poesis
852 2217 1001 2282 studium.
1056 2219 1239 2282 Nemeum
1262 2217 1416 2284 diuturna

269 2335 300 2386 et
323 2321 446 2386 assidua
465 2343 562 2404 opera
584 2335 771 2403 tractamus,
804 2343 884 2405 quaa
910 2322 944 2384 in
970 2322 1078 2406 aliquo
1101 2324 1265 2386 literarum
1287 2324 1417 2388 artium·

268 2447 330 2510 que
350 2447 464 2506 genere
487 2428 661 2504 excellunt,
688 2428 728 2489 ab
760 2427 896 2490 aliorum
924 2445 1056 2508 operum
1089 2426 1351 2510 contemplatione
1380 2427 1416 2490 in

268 2540 375 2590 nostra
404 2530 549 2592 nonnihil
577 2552 761 2612 permanare
788 2551 913 2595 necesse
941 2544 999 2594 ast.
1055 2530 1117 2595 Sed
1143 2529 1294 2594 indicium
1324 2533 1415 2606 hujus

267 2631 315 2692 rei
336 2632 443 2694 multis
465 2632 542 2694 locis
565 2635 711 2713 occurrit,
737 2635 792 2697 ubi
814 2639 846 2701 oi
869 2634 945 2717 περί
969 2631 1145 2720 Αἰσχύλον
1166 2632 1283 2696 diserte
1305 2635 1416 2714 appel·

267 2736 384 2800 lentur.
426 2734 509 2798 Nam
532 2735 706 2800 Scholiasta
727 2739 885 2802 Bonorum
906 2758 937 2801 v.
953 2739 1013 2816 73,
1045 2735 1101 2797 uhi
1122 2757 1261 2800 causum
1281 2757 1417 2798 mnume-

266 2838 419 2916 necavit,
451 2859 543 2921 qnam
566 2839 738 2924 Sophocles
759 2841 907 2906 adversus
927 2841 1116 2922 lophontem
1137 2837 1237 2904 filiuni
1257 2837 1416 2904 defendis·

267 2954 336 3006 tott
367 2936 409 3012 οὐ
431 2942 544 3029 μόνον
565 2942 600 3013 dl
622 2944 771 3031 Χοιρίλῳ
792 2945 848 3014 καί
871 2957 944 3022 sotr
966 2943 1043 3028 neni
1065 2942 1241 3032 Αἰσχύλον
1262 2943 1316 3010 sni
1337 2935 1416 3010 Ed-

266 3042 421 3130 ριπίιίην,
450 3041 536 3114 cilici
557 3046 613 3113 stol
634 3038 791 3130 Ἰοφώντι
814 3045 1065 3131 συνηγωνίσατο
1088 3048 1133 3132 τῷ
1154 3048 1225 3131 nini.
1274 3045 1335 3108 Hic
1355 3042 1416 3124 igi·

266 3157 321 3208 tor
341 3149 578 3230 grammaticus,
604 3171 669 3214 non
692 3150 870 3231 interrupta
890 3147 1116 3212 sententiarum
1136 3149 1232 3225 seris,
1259 3147 1416 3229 discepta-

266 3249 366 3314 tiones
390 3253 546 3330 confudit,
569 3253 683 3333 quibus
704 3252 788 3312 nihil
807 3261 913 3331 potest
934 3249 1116 3316 dissimilius
1137 3269 1211 3314 esse.
1254 3249 1336 3314 Nam
1359 3247 1416 3312 ad·

264 3371 374 3412 uersus
395 3353 495 3414 filiurn
515 3352 661 3428 judiciale
682 3364 838 3415 certamen
859 3353 979 3431 habuit,
1000 3368 1169 3433 accurratus,
1190 3354 1287 3439 quod,
1306 3353 1415 3432 ingra-

265 3466 410 3517 vescente
438 3456 607 3518 senectutis
628 3456 680 3536 ui,
714 3469 863 3540 tanquam
890 3454 1051 3540 desipiens
1072 3459 1120 3522 rei
1151 3456 1299 3546 familiari
1327 3457 1414 3520 haud

265 3555 348 3616 ultra
370 3571 475 3636 posset
496 3579 647 3639 praeesse.
690 3562 760 3624 Tali
777 3561 881 3640 modo,
902 3575 973 3626 utut
994 3561 1159 3642 judicatur,
1183 3565 1223 3626 ab
1239 3563 1310 3625 aliis
1327 3574 1414 3624 certe

265 3667 399 3720 non'est
420 3659 628 3726 insimulatus.
669 3663 731 3728 Sed
754 3666 878 3747 qualem
900 3684 1039 3727 caussam
1053 3675 1163 3726 contra
1176 3664 1321 3747 antiquos
1334 3673 1414 3746 poe‘·

265 3770 311 3821 tas
331 3758 528 3845 duarumque
550 3765 729 3830 scholarum
750 3781 918 3832 sectatores
943 3764 1029 3848 egit?
1080 3766 1167 3830 Num
1186 3767 1268 3830 forte
1291 3768 1414 3832 scenica

264 3863 423 3927 contentio
449 3863 533 3930 fuit?
574 3867 647 3932 Non
677 3869 755 3949 suit,
786 3871 847 3934 nisi
876 3872 971 3934 aliter
992 3883 1100 3934 contra
1121 3870 1261 3955 reliquos
1291 3883 1413 3952 poetar,

263 3965 355 4028 aliter
375 3987 444 4032 com
468 3966 615 4034 Choerilo
635 3972 805 4054 pugnavit,
833 3972 865 4036 id
896 3971 982 4055 qood
1004 3973 1101 4036 statui
1121 3974 1249 4057 nequit,
1274 3975 1302 4036 si
1323 3974 1412 4054 fides,

181 4157 186 4165 Ι
262 4081 316 4130 aut
347 4068 509 4150 integritas
544 4073 697 4138 duntaxat
736 4076 840 4142 verbis
879 4074 1071 4140 Scholiastae
1106 4077 1316 4159 relinquenda
1350 4091 1412 4140 est.

261 4169 342 4236 Nam
369 4174 444 4256 'quis
474 4175 655 4242 Choerilum
684 4193 809 4258 censet,
843 4178 900 4261 qni
924 4199 983 4242 rex
1010 4179 1043 4244 in
1062 4178 1186 4261 Satyris
1215 4180 1276 4244 tuit
1284 4225 1294 4259 ,
1328 4183 1411 4245 Plot.

261 4293 294 4351 p.
313 4276 415 4340 2633:

387 4376 488 4461 ἡνίκα
512 4386 580 4467 μὲν
600 4379 762 4466 βαοιλεύς
785 4374 829 4466 ἦν
850 4385 1013 4474 Χοιρίλος
1034 4391 1072 4455 ἐν
1095 4381 1272 4473 Σανύροις.
