3060 5000
794 341 872 416 rel

266 537 367 602 riuis
390 525 532 598 doctrina
553 534 756 613 Anaxagorae
779 523 849 594 tuta
892 527 1023 591 Aristot.
1045 523 1101 592 Ph.
1124 530 1360 612 Auscult.Vlll‚
1374 536 1412 597 5:

266 635 317 708 διδ
344 639 397 707 καί
420 629 654 719 Ἀναξαγόρας
675 629 787 718 ὀρθῶς
809 633 915 716 λέγει,
936 625 998 698 ιὸν
1019 633 1106 698 νοῦν
1130 626 1255 718 ἀπαθῆ
1276 629 1414 719 odoror

266 743 321 808 καί
345 737 454 824 οίγιιγὴ
476 737 582 814 εἶναι,
615 733 795 820 ἐπειδήπερ
816 730 974 817 κινήσεως
993 723 1100 820 υίρχδν
1122 725 1231 804 αὐτὸν
1251 749 1346 802 ποιοῖ
1357 737 1413 814 ,οἶ-

266 868 335 910 υαι.
369 839 459 910 ουίω
487 838 550 926 γιίρ
582 832 627 906 ἄν
655 832 769 922 μόνας
796 834 907 918 υινοίη
934 829 1095 915 ἀκίνητος
1120 832 1168 902 δν
1195 836 1250 903 καί
1273 840 1415 923 κρατοίη

266 941 392 1031 ἀμιγὴς
413 939 470 1011 ὤν.
514 940 654 1022 Simplic.
674 940 707 999 in
730 939 787 998 Ph.
809 939 900 1001 Ausa.
923 936 960 998 F.
982 939 1061 1000 285:
1095 929 1415 1025 ’Aaaiaydpncs'dr

266 1049 354 1116 νοῦν
384 1041 424 1114 sd
456 1045 600 1129 πρῶτον
621 1042 743 1110 κινοῦν
772 1036 1015 1122 ὑποθέμενον,
1045 1031 1209 1122 ἀκίνητον
1229 1034 1335 1108 αδιόν
1357 1042 1412 1108 καί

267 1145 376 1235 rippa}
399 1144 614 1214 estentona
634 1139 803 1220 ὑπέθετο,
823 1133 868 1216 e‘e
890 1135 979 1206 οὕτω
999 1134 1114 1224 μόνας
1134 1141 1330 1228 δυναμένου
1349 1147 1413 1210 sari

266 1252 404 1336 πρυίιας
428 1249 608 1326 κινοῦντος
630 1258 765 1331 κρατεῖν
787 1246 857 1311 τῶν
879 1238 985 1320 ὅλων,
1013 1245 1043 1308 εἰ
1061 1243 1124 1310 γυοί
1143 1237 1304 1330 ἀκίνητος
1326 1248 1414 1330 εἴην.

267 1354 333 1416 cic.
355 1353 394 1416 de
414 1351 490 1416 Nat.
510 1353 609 1414 Deor.
627 1352 653 1429 Ι,
672 1353 723 1411 11.
767 1346 830 1411 Sed
851 1345 1148 1408 Valckenarium
1168 1346 1277 1426 miror,
1298 1347 1415 1412 doctis·

267 1455 379 1518 simum
402 1465 434 1517 e't
462 1455 673 1517 acutissimum
701 1452 822 1529 virum,
852 1449 956 1532 quod,
984 1451 1169 1513 sententiam
1189 1451 1353 1534 Euripidis
1374 1453 1413 1516 de

267 1569 380 1618 natiue
412 1556 544 1619 deorum
575 1576 745 1638 rerumque
767 1554 916 1630 [omnium
948 1551 1100 1632 singulari
1128 1553 1234 1616 studio
1265 1555 1413 1637 indagare

268 1673 413 1738 conatus,
450 1681 519 1721 eam
539 1667 650 1741 po'e'taa
679 1657 860 1741 opinionem
883 1659 978 1720 irrisae
1007 1669 1182 1736 asseverat,
1215 1671 1249 1722 ut
1269 1660 1296 1722 is
1319 1661 1413 1725 deum

266 1778 404 1828 mentem
426 1786 554 1847 puram,
584 1777 743 1827 aeternam
765 1762 985 1844 infinitamque
1007 1783 1073 1824 esse
1095 1761 1231 1844 putarit,
1253 1783 1335 1846 quae
1357 1787 1414 1828 nec

268 1869 417 1933 materiae
435 1881 521 1934 ,esset
541 1867 660 1945 inlusa,
684 1886 787 1948 neque
808 1876 892 1926 arcte
915 1883 985 1924 carm
1005 1884 1041 1924 ea
1064 1865 1216 1944 copulata.
1260 1863 1296 1926 ld
1320 1867 1414 1946 enim,

268 1972 328 2032 nisi
348 1973 417 2034 loco
433 1971 579 2048 Pirithoi,
598 1967 637 2032 de
660 1989 724 2052 quo
746 1966 885 2046 ambigit,
905 1965 1063 2047 Euripidi,
1082 1987 1122 2028 an
1142 1967 1257 2030 Critiae
1278 1968 1415 2032 adscribi

267 2073 396 2152 debeat,
418 2074 546 2135 omnino
569 2093 631 2134 non
655 2070 759 2153 potuit
784 2070 1011 2132 demonstrare.
1053 2072 1089 2132 ln
1115 2069 1250 2132 eundem
1271 2093 1413 2136 errorem

267 2175 400 2238 incurrit
434 2177 475 2238 lt.
511 2172 787 2238 Winiewskius
818 2174 851 2234 in
885 2175 967 2236 Mus.
996 2175 1102 2234 Praec.
1132 2173 1413 2258 Rhea-westph.

268 2281 309 2344 T.
324 2281 349 2342 1.
371 2281 458 2346 Fasc.
476 2279 501 2342 Ι.
523 2301 554 2360 p.
568 2281 622 2341 48.
665 2276 726 2341 Sed
749 2290 795 2338 est
815 2279 948 2342 alterum
971 2276 1220 2338 Valckenarii
1241 2291 1413 2358 peccatum,

268 2383 354 2466 quod
376 2403 521 2463 magnum
544 2383 770 2444 sententiarum
792 2381 959 2444 discrimen
986 2401 1049 2444 non
1072 2381 1186 2459 sensit,
1216 2404 1304 2461 cum,
1332 2407 1412 2467 quae

267 2485 411 2547 versibus
435 2483 570 2545 Pirithoi
594 2484 810 2562 continentur,
841 2487 880 2546 ab
902 2483 1062 2566 Euripidis
1086 2486 1257 2565 sententis,
1288 2491 1410 2570 qualem

268 2587 380 2649 ceteris
408 2588 531 2648 e-locis
561 2588 791 2666 cognoscimus,
822 2588 994 2668 plurimum
1022 2587 1179 2650 differant.
1222 2591 1252 2652 ls
1277 2592 1359 2652 enim
1382 2605 1413 2654 ct

268 2704 425 2758 vetustam
445 2691 532 2771 vrrlgi
554 2692 734 2772 opinionem
763 2705 795 2754 et
824 2693 1020 2754 narrationes
1049 2692 1252 2772 cosmogoniis
1274 2694 1413 2772 vulgatas

267 2793 425 2878 probavit,
448 2789 511 2854 duo
533 2792 689 2874 principia
706 2796 846 2856 omnium
864 2815 971 2856 rerum
985 2815 1085 2877 eaque
1105 2813 1257 2875 corporea
1278 2815 1413 2874 sumens,

267 2895 364 2958 ntuun
388 2895 531 2974 aethera,
566 2897 699 2957 alterum
729 2909 863 2976 terram,
896 2897 1010 2979 quibus
1040 2908 1178 2958 mentem
1207 2917 1270 2960 non
1299 2901 1414 2978 junxit,

267 3005 353 3078 culus
379 3000 412 3062 vi
440 3019 475 3060 ac
495 2998 626 3060 ratione
656 2997 825 3080 descriptio
854 3013 905 3061 et
914 2997 1024 3078 rrrpdus
1052 3019 1159 3062 rerum
1188 2997 1413 3080 designaretur.

268 3101 360 3210 Quod
383 3104 612 3186 pulcherrimus
634 3105 720 3166 locus
744 3104 915 3186 Chrysippi
936 3104 1060 3183 Fragm
1081 3107 1102 3166 6
1123 3101 1259 3168 radicat

482 3207 517 3273 1
513 3219 567 3273 αῖα
590 3205 733 3326 μεγίστη
755 3208 810 3274 sol
831 3201 909 3280 Διορ
931 3204 1056 3291 αίθηρ,

480 3335 498 3376 o
489 3303 587 3391 ‘pte
610 3302 803 3394 ανθρώπων
825 3308 879 3374 ιιαί
905 3309 996 3375 θεῶν
1017 3308 1178 3394 γενέτωρ,

471 3404 504 3492 ἡ
528 3403 557 3474 δ’
570 3405 779 3493 δγροβόίους
800 3412 969 3496 σταγόνας
990 3411 1125 3488 νοτίους

481 3510 743 3598 παραδεξαμένη
764 3515 867 3582 υίιιτει
890 3510 1060 3591 θυαυοδο,
1134 3555 1136 3562 >

480 3610 583 3679 οιίἰιι
608 3611 644 3680 δὲ
666 3612 796 3699 βοριίν,
823 3609 913 3701 palio
935 3640 971 3682 ss
993 3615 1126 3701 dmpsit,

483 3707 567 3780 ὅθεν
588 3711 649 3782 edu
671 3710 791 3792 adiuero

478 3839 593 3901 γιηιηρ
614 3811 754 3886 πάντων
774 3815 986 3904 νονὸγιιυιαι

266 3917 331 3982 Ubi
359 3915 422 3980 dus
448 3918 607 4000 principia
635 3921 864 4003 significantur,
895 3947 974 4008 quse
998 3923 1166 3988 Vitruvius
1187 3919 1334 4000 Euripidi
1356 3919 1413 3982 tri·

267 4022 351 4100 buit,
386 4021 520 4085 Praelat.
547 4023 585 4086 L.
606 4025 699 4103 Vlll,
732 4015 852 4106 idest,
880 4031 1005 4094 ¹Aether
1026 4040 1057 4094 et
1081 4029 1189 4091 Terra.
1237 4025 1320 4088 Nam
1343 4044 1411 4086 carna

267 4122 344 4198 Διὸς
366 4118 473 4208 αἰθήρ
492 4123 577 4203 dicit,
600 4126 726 4190 videtur
748 4129 876 4212 quidem
895 4134 1058 4196 aetherea
1073 4131 1153 4194 Jove
1175 4126 1335 4192 diversum
1358 4127 1413 4186 ha·

266 4225 355 4302 bere,
388 4238 514 4305 praeter
535 4247 687 4308 corporea
711 4231 881 4310 elementa,
911 4232 1004 4297 deum
1025 4232 1215 4294 animantem
1237 4227 1411 4311 eodemque

264 4327 391 4386 nomine
420 4341 563 4392 vocatum
591 4330 727 4410 fingens,
761 4355 825 4416 quo
854 4357 1009 4400 summum
1038 4355 1154 4398 numen
1182 4333 1412 4414 appellabatur.

265 4423 330 4488 Sad-
341 4427 544 4496 nihilominus
559 4432 731 4498 doctrinam
746 4437 906 4522 Euripidis
919 4442 998 4506 [also
1011 4441 1268 4524 interpretemur,
1281 4437 1413 4507 aethera
