3086 4992
833 323 881 392 62

288 531 460 596 sanamque
482 509 614 574 similem
635 508 731 572 luisse
753 507 960 572 Melanthinm
982 519 1127 586 censent,
1155 507 1220 570 vim
1247 509 1310 570 loci
1338 510 1371 570 in
1393 529 1433 570 eo

289 618 379 680 sitam
399 615 561 695 ignorant,
583 613 669 696 quod
692 611 730 674 ad
754 611 887 676 scabiem
909 614 974 689 ejus
997 611 1112 672 comice
1130 610 1294 673 alluditur.
1326 608 1434 687 Quan-

288 740 382 804 quam
402 716 637 780 Meineltius
651 717 693 778 H.
708 716 743 777 C.
765 737 799 796 p.
810 718 863 784 99.
885 733 987 794 nuper
1007 714 1046 776 iis
1068 713 1255 793 suffragatus
1277 725 1332 776 est.
1370 715 1434 775 lta·

287 843 350 906 que
382 822 421 885 ad
459 842 531 884 eum
570 818 707 882 diximus
743 821 874 883 fortasse
907 818 1083 900 pertinere,
1121 816 1207 899 quod
1238 818 1433 880 Melanthius

287 925 415 1010 quidam
449 923 532 1006 apud
567 923 782 986 Alexandrum
819 925 994 984 Pheraeum
1040 921 1196 1002 parasitus
1239 920 1334 982 misae
1366 933 1435 982 tra·

287 1027 384 1092 ditur.
425 1027 485 1089 Hic
508 1027 591 1090 enlm
612 1029 736 1091 scurrili
757 1030 885 1109 lepore,
907 1027 1010 1110 qualis
1033 1039 1079 1088 est
1100 1025 1134 1086 in
1156 1024 1257 1106 epulis
1280 1039 1435 1108 opportu-

286 1155 360 1211 nus,
386 1131 464 1195 adeo
486 1131 650 1210 affluebat,
680 1144 716 1194 ut
738 1150 962 1213 saepenumero
989 1129 1029 1193 ad
1050 1129 1272 1212 loquacitatem
1301 1151 1336 1191 ac
1365 1151 1435 1194 mo·

286 1239 380 1300 lestos
403 1255 561 1299 sermones
586 1235 697 1297 abiret.
740 1235 790 1296 Ex
818 1254 882 1317 quo
902 1253 1015 1313 genere
1049 1244 1123 1294 sunt
1154 1231 1225 1309 illa,
1253 1253 1333 1313 quae
1358 1233 1435 1294 Plu·

285 1342 384 1404 tarch.
407 1339 446 1402 da
467 1337 578 1403 Audit.
599 1340 634 1416 5,
666 1336 705 1399 da
735 1338 838 1399 Discr.
862 1335 962 1398 Amic.
992 1346 1023 1396 et
1044 1333 1139 1396 Adul.
1162 1336 1197 1412 5,
1226 1333 1326 1396 Gonu.
1347 1338 1385 1415 ll,
1400 1345 1433 1400 4.

285 1455 421 1506 enarrat.
437 1441 579 1506 Eundem
590 1442 680 1505 Plato
693 1443 726 1502 in
736 1441 966 1524 Scytbis‚velut
975 1431 1087 1516 λαλὸν,
1100 1437 1315 1519 reprehendit.
1326 1439 1433 1504 Schol.

284 1543 322 1607 ad
344 1546 442 1609 Arist.
463 1548 522 1609 Au.
546 1549 625 1610 151:
646 1541 795 1614 Πλάτων
817 1545 852 1613 dl
875 1539 983 1611 αὐτὸν
1003 1549 1040 1608 ἐν
1061 1539 1229 1622 Σκύθαις,
1249 1538 1292 1617 cic
1315 1542 1433 1625 λαλὸα,

285 1641 440 1715 σκώπτει.
483 1647 549 1712 Ubi
561 1653 598 1714 ἐν
613 1648 753 1720 Σκευαῖς
766 1645 934 1727 legendum
954 1658 1010 1722 est,
1032 1659 1202 1729 praeeunte
1218 1647 1432 1716 Meinekio

284 1749 366 1813 llist.
381 1749 460 1812 Grit.
475 1771 508 1831 p.
520 1752 593 1811 184.
615 1747 760 1812 Alterum
778 1755 844 1828 ejus
857 1751 969 1814 vitium
980 1749 1137 1813 Venerius
1155 1769 1324 1831 puerorum
1339 1771 1432 1816 amor

282 1851 353 1914 fuit.
384 1851 489 1914 Schol.
510 1853 583 1914 Pac.
600 1853 681 1913 804:
705 1853 760 1918 sui
784 1849 875 1919 uois)
896 1843 1034 1939 psillos
1054 1855 1092 1918 ἐν
1113 1860 1184 1925 soie
1195 1848 1346 1929 Κόλαξιν
1356 1848 1432 1920 Εὕ-

283 1954 383 2026 πολις
402 1952 445 2028 uic
467 1952 622 2022 κίναιδον
645 1945 752 2022 αὐτὸν
775 1952 960 2038 διαβάλλει.
977 1952 1024 2018 ld.
1045 1951 1086 2015 ad
1106 1954 1166 2018 dv.
1186 1974 1216 2018 v·
1234 1956 1313 2016 151:
1332 1953 1431 2020 Kal-

284 2057 361 2132 λίας
383 2053 571 2140 Πεδήταις·

454 2157 509 2233 sir
531 2149 596 2241 ἆρα
618 2153 700 2232 sotir
721 2158 946 2234 Melavdicve
967 2161 1011 2248 spi
1030 2158 1221 2245 γαῶσομαις

455 2256 512 2334 οὓς
533 2256 577 2328 cie
599 2256 748 2343 μάλιστα
771 2259 1042 2346 lsoaoupcissoue
1062 2261 1198 2351 slos'sipr.

283 2363 348 2429 Ubi
371 2365 523 2426 obscoena
545 2363 592 2425 vis
616 2363 760 2428 vocabuli
781 2358 1033 2449 λεακὸπρωκτος
1064 2385 1104 2426 ex
1123 2363 1229 2426 Schol.
1250 2363 1290 2427 ad
1312 2363 1428 2445 Lysist.

285 2474 339 2549 89,
363 2468 649 2547 uscognoscimr.
701 2466 968 2545 Quemadmodum
995 2470 1169 2551 Aeschylus
1197 2480 1229 2530 et
1256 2467 1428 2550 Sophocles

283 2582 410 2654 praeter
430 2569 604 2650 tragoedias
630 2571 822 2652 scripserunt
852 2573 972 2652 elegos,
1003 2574 1194 2636 Melanthius
1221 2590 1347 2655 quoque
1373 2589 1428 2632 eo·

285 2675 356 2738 dem
379 2693 525 2736 versuum
548 2695 660 2753 genera
688 2695 757 2736 cum
778 2675 853 2736 alias
875 2696 943 2754 res,
972 2688 1039 2738 tum
1060 2675 1167 2740 laudes
1186 2674 1327 2738 Cimonis
1347 2676 1428 2736 cele·

283 2779 395 2842 bravit.
441 2776 533 2854 Quod
559 2781 739 2842 Athenaeus
759 2781 844 2844 VlIl.
867 2803 898 2862 p.
915 2783 979 2844 343
999 2779 1035 2846 C.
1058 2780 1173 2844 diserte
1199 2789 1346 2853 testatur,
1376 2775 1429 2838 di·

284 2904 368 2945 cens:
391 2882 450 2966 τῆς
472 2875 579 2966 αὐτῆς
600 2883 692 2960 ἰδέας
712 2875 927 2970 (ὀψοφάγων)
944 2887 998 2953 sul
1016 2881 1218 2957 Μελάνθιος
1238 2876 1300 2968 ἦν,
1321 2876 1339 2948 d
1360 2883 1429 2963 τῆς

282 2983 468 3070 τραγῳδίας
501 2977 657 3069 ποιητής.
704 2993 829 3072 ἔγραψε
860 2989 896 3054 δὲ
928 2991 982 3054 uui
1015 2990 1150 3072 ἐλεγεῖα.
1204 2984 1296 3061 Quod
1329 3005 1428 3067 qrrare
1527 3031 1528 3060 .

281 3089 534 3150 Welckerus
557 3088 649 3168 Trag.
676 3088 732 3151 Gr.
762 3091 798 3151 P.
815 3092 868 3153 lll.
900 3113 932 3172 p.
950 3093 1033 3154 1032
1065 3088 1272 3166 dubitaverit,
1305 3088 1428 3150 Melan-

279 3171 403 3270 thium:
420 3191 476 3274 qui
499 3189 606 3253 laudes
624 3190 763 3255 Cimonis
786 3195 953 3272 extulerit,
974 3214 992 3253 a
1016 3192 1134 3270 tragico
1154 3197 1247 3271 poe’ta
1268 3188 1428 3254 diversum

282 3315 348 3356 esse
370 3295 562 3370 existimans,
584 3295 719 3356 maxime
740 3297 907 3358 obscurum
929 3309 985 3359 est.
1007 3298 1116 3378 ltaque
1130 3293 1205 3355 Lil.
1225 3291 1428 3374 Gyraldus

280 3417 314 3475 p.
327 3399 388 3456 281
416 3397 519 3473 elegos
541 3395 659 3474 tragico
679 3397 800 3475 tribuit,
820 3397 926 3480 idque,
948 3420 1018 3460 essm
1038 3399 1067 3459 is
1083 3409 1168 3458 recte
1180 3395 1311 3472 lecisset,
1329 3395 1428 3456 Vos·

282 3495 369 3558 sius
402 3505 511 3554 contra
547 3493 770 3559 Simlerum
813 3501 960 3562 obtinuit.
1019 3501 1240 3578 Fragmentum
1274 3496 1428 3577 elegiacse

281 3598 386 3681 poe'sis
403 3598 592 3661 Plutarchus
613 3598 693 3662 cim.
708 3607 740 3664 4.
762 3603 899 3666 servavit
916 3601 954 3688 1).
996 3602 1059 3666 Sed
1081 3601 1161 3664 nibil
1183 3598 1222 3662 de
1245 3599 1341 3680 epicis
1360 3621 1428 3662 car·

282 3701 418 3764 minibus
446 3702 558 3764 afferre
589 3705 769 3785 potuimus,
799 3727 879 3790 quae
906 3702 1258 3789 Wyttenbacbius
1285 3700 1324 3764 ad
1352 3703 1428 3764 Plu-

281 3808 381 3870 tarch.
401 3827 433 3890 p.
448 3811 488 3870 41
513 3804 548 3869 0.
571 3805 643 3870 buic
665 3809 808 3890 assignat.
852 3811 1012 3894 spectavit
1042 3821 1146 3874 autem
1168 3807 1300 3868 sortasse
1320 3805 1427 3867 Atthi-

349 4158 380 4229 1)
394 4165 437 4214 aul
455 4159 608 4221 Μελάνθιος
626 4156 640 4214 ὅ
657 4159 766 4232 essperia
784 4163 849 4228 λέγει
866 4155 912 4212 eds
929 4159 1026 4232 spinas
1044 4167 1153 4218 τοῦτον·

507 4247 590 4304 αὑτοῦ
606 4249 658 4322 reip
675 4247 819 4302 δαπάναισι
836 4251 905 4300 θεῶν
922 4247 999 4311 suasis
1017 4249 1115 4325 α’γσρᾶν
1131 4273 1161 4307 τε

508 4341 659 4411 Κεκροπίαν
677 4335 784 4409 κὸαμρα’
801 4333 916 4408 ἡμιθέων
935 4337 1048 4411 α’ρετατς.

281 4417 328 4473 sic
346 4419 518 4488 Reiabiua.
