3060 5000
645 312 719 390 301

109 453 200 576 Quae
222 494 350 584 quidem
372 495 431 562 etsi
451 514 517 562 non
537 497 643 560 locum
660 507 840 575 tenuerunt,
861 517 957 580 quem
973 516 1080 564 sumus
1096 499 1254 581 suspicati,

108 615 217 667 tamen
237 601 308 682 ipsa
329 601 506 668 sententiae
526 600 611 666 ratio
631 621 672 666 ex
692 600 858 666 rhetorum
884 601 999 667 scholis
1026 605 1177 667 translata
1198 615 1255 670 est.

108 707 212 768 Porro
233 703 414 769 libertatem
432 703 596 789 loquendi,
617 724 713 788 quam
735 703 926 794 παρρησίαν
946 716 1071 784 rocam,
1084 705 1131 770 'sd
1152 727 1256 791 quam

109 829 182 872 oum
202 807 345 870 omnium
366 807 482 873 civium
503 818 585 870 esset
591 851 601 884 ‚
629 828 665 872 ao
686 807 784 872 totius
806 805 950 888 publicae
971 807 1124 874 libertatis
1145 807 1257 872 funda·
1384 817 1387 824 '

108 924 266 991 mentium,
296 911 442 996 inprimis
464 922 606 974 oratores
628 911 867 993 coniugiebant,
886 909 1029 976 laudarit
1049 911 1257 995 nescioquis,

109 1035 182 1080 cum
205 1025 288 1079 esset
306 1015 343 1078 in
366 1035 423 1094 so,
454 1025 699 1094 attestaretur,
729 1013 810 1100 quid
835 1035 947 1079 rerum
974 1013 1115 1099 quidque
1141 1021 1258 1096 justum

109 1118 254 1181 haberet.
274 1119 297 1185 l.
318 1119 341 1182 l.
383 1121 441 1182 llla
464 1117 620 1203 denique,
640 1139 720 1204 quae
739 1139 792 1199 ap.
812 1119 930 1182 som.
950 1135 1002 1200 ap.
1020 1120 1137 1184 Weclr.
1156 1119 1257 1186 Serm.

108 1223 155 1284 40
175 1220 326 1302 legimus,
350 1222 509 1304 praesenti
529 1224 646 1304 opinor
665 1219 761 1302 judici
781 1219 866 1284 dicta
886 1233 969 1286 suot.

199 1321 306 1386 Genus
328 1324 481 1390 sermonis
510 1325 594 1388 exile
623 1336 718 1408 atque
745 1323 869 1386 aridum
897 1325 1018 1404 uigore.
1034 1345 1070 1388 ec
1092 1323 1259 1404 gravitate,

108 1446 193 1509 quae
223 1427 357 1508 tragicae
386 1429 489 1510 potsis
518 1427 649 1509 propria
679 1439 743 1507 eet,
774 1429 886 1508 procul
913 1429 1084 1491 abhorrere
1112 1426 1260 1490 diximus.

107 1529 223 1612 Neque
242 1529 328 1594 anim
348 1528 382 1593 id
403 1531 517 1595 titium
537 1529 683 1594 dictionis
702 1529 824 1612 depulit
845 1549 893 1609 eo,
914 1529 1004 1614 quod
1018 1531 1167 1612 epitheta,
1188 1529 1261 1613 qui·

107 1635 172 1696 bus
187 1631 332 1694 'carmina
353 1641 518 1712 ornantur,
539 1645 575 1696 ut
594 1631 681 1716 apud
699 1632 870 1697 stobaeum
884 1634 992 1714 Eolog.
1006 1635 1063 1696 Ph.
1075 1635 1098 1713 l,
1114 1638 1167 1712 11,
1187 1636 1261 1715 plu·

106 1735 193 1800 rina
214 1733 377 1816 congessit,
399 1756 464 1806 non
486 1757 523 1798 ea
544 1734 720 1816 decausis,
741 1756 806 1820 quo
826 1735 962 1801 vividius
982 1736 1134 1816 imagines
1153 1758 1261 1800 rerum

107 1840 370 1921 inspectantium
387 1841 508 1904 animos
529 1842 753 1923 irrumperent,
772 1839 828 1904 sad
849 1842 908 1903 hoc
927 1842 980 1904 vel
999 1849 1166 1921 postam
1188 1853 1262 1902 oon&

107 1940 273 2006 suetudini
295 1940 450 2023 dandum,
478 1947 529 2008 sel
549 1957 682 2008 naturae
702 1943 807 2025 potiris
827 1961 894 2006 sess
915 1955 1020 2021 rmus,
1043 1965 1124 2028 quae
1145 1942 1261 2005 talibus

109 2045 245 2110 deberet
261 2045 455 2110 mamantis
472 2046 641 2112 delectare.
674 2044 885 2128 Quapropter
900 2063 959 2110 not
975 2045 1039 2108 illis
1054 2045 1173 2126 dialogi
1187 2067 1262 2128 par·

109 2150 198 2212 tibus
221 2151 409 2231 praeprimis
433 2151 572 2230 graviter
593 2149 799 2229 offendimur,
821 2149 856 2211 in
877 2149 1007 2232 quibus,
1026 2150 1153 2211 tametsi
1175 2162 1262 2212 tran·

108 2255 214 2338 quilla
235 2265 330 2336 atque
351 2254 514 2318 humiliter
534 2255 635 2318 omnis
662 2253 767 2318 oratio
793 2252 880 2332 fluit,
912 2253 1029 2333 figuras
1057 2252 1182 2316 dicendi
1206 2265 1261 2317 aut

108 2379 244 2444 prorsus
264 2357 422 2424 inauditas
444 2359 616 2442 expressit,
637 2370 709 2438 cut,
729 2379 799 2424 cum
819 2355 905 2439 apud
924 2357 1059 2438 tragicos
1079 2365 1189 2438 peltas
1209 2375 1263 2418 oc·

110 2473 259 2539 sumant,
279 2462 421 2525 locorum
441 2475 561 2543 temen,
583 2483 663 2548 quos
684 2473 808 2540 tenent,
829 2459 936 2524 indole
955 2459 1069 2540 magis,
1090 2479 1185 2543 quam
1206 2479 1263 2522 sua

108 2568 256 2649 ipsarum
277 2566 427 2630 facilitate
446 2588 482 2630 sc
502 2566 738 2650 pulchritudine
761 2564 855 2628 nobis
875 2562 1076 2628 moriundos.
1119 2560 1212 2639 stod
1228 2563 1263 2624 in

111 2673 173 2734 has
201 2669 396 2734 elocutiones
424 2670 525 2734 cadite
557 2684 660 2756 μιιριι
688 2666 853 2756 deputor,
884 2665 1026 2754 ἀκύμων
1055 2658 1101 2753 ἦν
1126 2667 1172 2753 γῆ
1200 2667 1264 2733 sss-

113 2768 269 2858 φιύοιοιι
290 2768 411 2862 (lienosi
432 2796 483 2859 ys,
502 2768 633 2855 θιητὸι
653 2773 731 2854 βίοι
749 2770 905 2857 (damin
915 2767 1021 2855 βίοι),
1042 2762 1164 2844 κλάδοι
1177 2766 1264 2836 nasi·

112 2899 190 2961 ιιηο,
209 2875 316 2962 μυρία
337 2871 455 2964 λόγχη,
476 2868 625 2948 ἇιιιυδοι
644 2874 708 2958 γῆ..

201 2977 388 3060 Iispsrimut
409 2978 508 3043 mults
530 2974 743 3058 comptionis
762 2973 888 3051 indicia,
908 2993 1003 3058 quam
1022 2971 1146 3036 dicendi
1167 2995 1264 3054 genus

112 3081 308 3162 tragicorum
329 3080 404 3144 inde
425 3081 465 3143 ab
485 3076 648 3160 Euripidis
673 3075 870 3160 temporibus
898 3076 1008 3140 traxit.
1054 3076 1264 3141 Bernhard.

112 3187 208 3270 Synt.
228 3184 286 3250 Gr.
304 3206 341 3267 p.
353 3190 408 3250 14.
450 3183 532 3248 Nam
554 3195 586 3246 et
606 3181 767 3248 vocabulis
791 3179 886 3244 modo
905 3178 1045 3245 intentis
1066 3176 1266 3266 (ἄροιριύω,

115 3283 220 3376 «ipsiu,
244 3281 407 3376 ἀροτριᾷν
426 3287 601 3373 (Lobecls.
623 3285 663 3350 ad
685 3287 800 3369 Phryn.
822 3307 856 3368 p.
871 3282 961 3370 454),
982 3279 1104 3368 sponde
1126 3279 1267 3368 (ορανὴς

76 3463 87 3470 ,
115 3391 218 3472 toph.
239 3392 287 3468 di.
309 3387 385 3475 23),
417 3389 680 3476 inspospdodos)
701 3401 733 3453 et
756 3388 968 3454 locutionibus
987 3406 1063 3468 usus
1084 3399 1150 3467 est,
1183 3408 1264 3472 quae

117 3491 243 3575 vulgari
269 3511 412 3555 mrmone
440 3491 609 3556 admodum
632 3493 727 3556 tritas
749 3504 779 3555 at
807 3491 847 3556 de
872 3488 978 3554 medio
999 3498 1142 3572 sumptae
1165 3501 1266 3560 arant.

116 3599 154 3662 ln
174 3595 291 3680 quibus
311 3595 484 3661 succutiet
500 3595 634 3660 modum
643 3594 806 3678 Euripidis
820 3595 986 3679 expressit.
1027 3593 1074 3658 Ut
1090 3592 1175 3656 enim
1190 3592 1267 3661 dsc-

118 3693 284 3767 secsionaw
309 3696 349 3760 dc
373 3698 612 3779 investigatione
640 3697 873 3783 (inquisitione)
900 3719 952 3781 sp.
972 3696 1061 3763 Stolo.
1080 3699 1188 3778 Eclog.
1209 3699 1267 3762 Ph.

118 3804 143 3881 1,
160 3803 200 3864 11
224 3798 356 3881 dicitur3
377 3800 422 3866 sic
441 3802 610 3887 Euripides
630 3805 798 3887 Hippolyt.
818 3805 882 3867 985
903 3800 987 3865 idem
1009 3812 1151 3882 usurpat.
1192 3800 1267 3864 Usi·

120 3901 273 3971 latissime
293 3903 368 3970 huic
389 3905 508 3990 locutio
528 3907 590 3971 fuit
609 3908 738 3992 ἐξέτηξε
757 3901 933 3990 δακρύοις,
954 3905 1073 3968 Hesus
1094 3905 1174 3980 43³,
1201 3903 1267 3964 Ha-

120 4008 185 4071 len.
210 4009 304 4085 1419,
333 4003 438 4072 orest.
460 4012 533 4089 134,
557 4013 631 4091 529,-
653 4013 730 4094 860.
778 4007 938 4074 Audacem
958 4026 1049 4071 usum
1069 4005 1158 4072 ιοιίο
1180 3995 1266 4072 dusi-

121 4135 216 4194 μοι,
248 4109 536 4195 slcxiongraphis‚
565 4127 602 4178 ut
621 4113 797 4198 Hesychia,
826 4109 924 4177 Suida
946 4123 977 4173 et
997 4109 1031 4172 in
1053 4111 1182 4194 Σοιογ.
1203 4106 1267 4184 λὲξι

123 4233 216 4301 χρηο.
244 4234 297 4294 ap.
324 4214 486 4281 Bakker.
507 4215 660 4282 Aneodot.
680 4219 704 4282 l.
726 4238 759 4299 p.
779 4217 843 4282 3⁷3
870 4223 1031 4292 notatum,
1060 4211 1122 4274 sibi
1144 4209 1266 4292 primus

123 4314 291 4398 Euripides
308 4314 460 4386 Androm.
475 4324 538 4387 158
557 4320 711 4405 permisit,
731 4332 767 4384 ut
784 4340 825 4382 ex
840 4315 1021 4400 Phrynicho
1039 4337 1091 4398 sp.
1107 4315 1266 4379 Bekker.

124 4421 181 4487 tt
197 4427 261 4507 ρ.6
277 4423 424 4506 colligere
436 4427 517 4494 mihi
531 4425 653 4496 videor.
694 4416 870 4500 ἀλλοιοῦν,
890 4417 979 4504 quod
999 4418 1126 4505 quidem
1148 4431 1220 4484 ants
1240 4416 1265 4481 ii
