3044 4982
732 277 848 376 ,ον

253 495 363 545 tenore
385 475 608 542 sententiarum
636 467 758 532 facilius
784 463 979 548 reperiatur,
1010 463 1118 546 quales
1146 456 1231 542 apud
1258 456 1401 521 Scholia·
1437 497 1444 511 .

252 597 331 648 stam
353 581 502 661 legimus,
524 597 594 640 eum
619 575 702 637 vitae
724 571 926 651 scriptorem,
947 569 1007 628 hoc
1028 566 1122 642 duce,
1141 563 1263 644 potius·
1271 581 1402 641 amasse,

251 708 345 771 quam
358 703 467 746 rursus
483 681 522 744 ad
539 699 647 742 manus
664 674 858 740 Scholiastse
879 671 976 732 {uisse
997 687 1130 732 censeas.
1175 663 1331 728 Addimus
1347 664 1402 727 de-

252 792 348 873 nique
371 784 593 870 praestantiam
619 777 802 855 locutionis,
836 795 916 858 quae
939 773 1091 834 nonnulla
1112 788 1206 832 verae
1226 767 1401 828 sententiae

253 895 368 958 indicia
397 893 510 968 habet,
540 907 610 949 cum
637 884 774 964 scriptor
801 881 884 946 vitae
911 887 1021 940 cuncta
1048 873 1176 956 penitus
1200 869 1400 951 perverterit.

252 997 345 1074 Quod
366 999 594 1059 Hermanno
616 990 708 1068 longe
733 1007 819 1050 secus
840 983 978 1058 videtur,
998 1001 1034 1040 ac
1054 974 1288 1039 Boeckhius
1309 993 1343 1052 p.
1357 974 1396 1032 31

252 1101 411 1180 judicavit.
461 1093 702 1158 Etheltius
724 1085 1071 1168 Choeril.p.7vitam
1094 1078 1238 1160 putatio
1260 1073 1401 1138 Scholia-

253 1216 319 1267 stae
347 1199 511 1284 praesidiis
540 1197 646 1260 fuisse.
698 1195 766 1256 Jam
797 1189 964 1272 explicatio
995 1179 1245 1248 Bernhardii
1263 1177 1309 1264 ¹,)
1341 1181 1400 1240 hoo

254 1303 349 1368 modo
378 1303 587 1379 recentiores,
622 1317 691 1360 cum
724 1296 863 1374 singulos
895 1291 1066 1372 significare
1096 1285 1239 1347 homines
1271 1283 1400 1358 vellent,

254 1408 359 1472 serbis
381 1413 413 1474 οἱ
437 1407 512 1491 περὶ
535 1417 594 1466 etc.
623 1400 825 1464 multifariam
856 1416 927 1459 usos
951 1414 1017 1456 esse
1043 1387 1214 1465 monentis,
1247 1387 1401 1446 hocloco

255 1512 380 1575 admitti
404 1529 468 1572 non
493 1518 614 1590 potest,
648 1502 734 1588 quod
756 1523 792 1564 ea
813 1502 861 1564 vis
882 1509 1101 1580 potestasque,
1128 1492 1189 1553 nisi
1216 1487 1399 1551 necessitate

194 1610 196 1614 ’
255 1625 432 1697 premente,
466 1609 619 1674 locutioni
651 1603 841 1683 subjicienda
869 1621 933 1664 non
967 1612 1023 1661 est.
1076 1596 1166 1658 Alter
1196 1596 1281 1656 locus
1311 1589 1399 1672 apud

254 1719 389 1797 Diogen.
410 1716 447 1778 L.
466 1716 505 1793 ll,
527 1717 557 1792 5,
576 1716 619 1774 43
643 1720 755 1772 exstat.
800 1706 952 1783 Quicum
976 1701 1137 1764 levitatem
1161 1695 1398 1759 Atheniensium

255 1820 408 1902 exemplis
431 1817 576 1894 declaret,
599 1833 688 1898 quos,
711 1813 765 1874 ubi
786 1811 929 1874 Socrates
951 1823 1073 1869 veneno
1096 1813 1221 1863 necatus
1243 1809 1298 1876 est,
1323 1818 1401 1862 mox

255 1925 419 2007 poenitere
442 1921 582 2002 coeperit
602 1916 789 1979 atrocissimi
810 1911 972 1974 facinoris:
1008 1899 1062 1974 Ov
1082 1930 1193 1992 μονον
1214 1906 1262 1983 δὲ,
1283 1905 1399 1987 inquit,

255 2029 310 2094 ἐπὶ
341 2019 537 2105 Σωκράτους
559 2014 742 2104 Αθηναῖοι
769 2008 969 2083 πεπόνθασι
997 2011 1118 2087 τοῦτο,
1147 2003 1233 2076 cilici
1260 2009 1315 2076 καὶ
1341 2008 1399 2075 dul

258 2120 463 2194 πλεῖστον’
446 2147 543 2191 οσον.
576 2123 641 2194 ecl.
651 2113 716 2206 ydp
732 2115 895 2206 Όμηρον
911 2111 1019 2200 (καθά
1041 2135 1143 2198 φησιν
1162 2108 1403 2196 Ἡρακλείδης)

257 2222 471 2313 πεντήκοντα
494 2216 733 2314 δραχμοτσ,’
708 2249 754 2302 ως
774 2217 1009 2307 μιαινόμενον,
1040 2215 1279 2303 &clumacensi
1308 2214 1399 2298 Τορ-

257 2345 352 2399 σαῑον
381 2325 616 2416 παρακόπτειν
648 2331 765 2414 ἔλεγον
792 2327 848 2394 καὶ
876 2316 1142 2407 Ἀστυδάμαντα
1173 2319 1308 2402 πρῶτον
1332 2318 1402 2383 σῶν

257 2435 333 2516 περὶ
356 2428 531 2519 Αἰσχύλον
556 2432 725 2517 ἐτίμησαν
752 2423 857 2496 εἰκόνι
885 2427 1002 2515 χαλκῇ.
1053 2423 1135 2487 Sunt
1163 2419 1291 2505 quidem
1316 2419 1401 2498 libri,

258 2535 314 2618 qui
336 2536 470 2619 repsisse
490 2530 553 2600 τὸν
574 2535 650 2618 περὶ
668 2535 769 2621 Alex.
786 2533 932 2593 habeant.
973 2529 1016 2590 At
1036 2529 1148 2590 Henr.
1170 2504 1401 2606 Stephanus

258 2640 291 2700 in
317 2635 455 2699 editione
485 2659 557 2698 ann.
581 2641 664 2700 1594
692 2637 778 2698 illam
804 2623 971 2696 lectionem
994 2653 1010 2692 e
1033 2629 1138 2692 codice
1163 2629 1250 2709 regio
1271 2628 1402 2707 recepit,

259 2739 451 2823 eandemque
478 2752 551 2822 post
577 2740 787 2820 Menagius
816 2751 848 2800 et
877 2737 974 2798 Dan.
998 2734 1228 2814 Longolius
1256 2750 1402 2812 compro·

259 2848 383 2906 barunt.
438 2846 481 2907 At
513 2865 552 2905 ne
583 2845 663 2906 hanc
691 2842 819 2926 quidem
847 2840 1037 2920 scripturam
1065 2839 1236 2899 faciliorem
1262 2836 1401 2897 Caseu-

259 2951 386 3011 bonus
413 2947 617 3029 interpretari
640 2947 847 3028 omnibusque
874 2942 1110 3006 difficultatibus
1135 2943 1256 3004 solvere
1285 2938 1402 3018 potuit.

260 3053 312 3114 Ait
333 3052 416 3113 enim
438 3050 471 3112 in
493 3049 591 3129 notis,
624 3051 737 3132 quihus
759 3050 839 3113 illud
866 3047 1068 3130 Stephani
1096 3046 1257 3126 exemplar
1275 3043 1401 3105 ornavit

258 3178 288 3236 p.
311 3159 373 3218 352
406 3158 550 3233 „Prorsus
570 3160 682 3218 mutilus
707 3163 758 3217 site
783 3158 860 3217 loom
880 3159 921 3215 sic
944 3166 974 3214 ut
994 3157 1154 3214 senentiam
1175 3151 1280 3210 nullam
1301 3170 1338 3210 es
1358 3150 1402 3208 his

257 3263 344 3322 cerdic
371 3262 490 3320 elicium.
542 3261 675 3319 Fortasse
705 3260 820 3318 diruerat
850 3256 959 3337 aliquid
985 3258 1115 3316 La‘e'ms'us
1146 3255 1184 3314 de
1214 3274 1246 3312 σο
1272 3251 1401 3334 Astyria-

181 3407 186 3424 .
257 3375 364 3436 monte,
383 3367 467 3440 poblo
488 3365 612 3436 tragico,
635 3365 683 3421 cui
700 3361 839 3420 dederont
861 3359 1036 3420 Athenienses
1049 3359 1104 3441 jue
1120 3355 1268 3439 ponendae
1286 3367 1402 3416 εἰσίασι

258 3472 285 3524 in
304 3465 443 3524 theatro?
485 3461 735 3522 Praetermittam
758 3466 948 3539 conjecturas
967 3479 1085 3536 eorum,
1107 3458 1163 3539 qui
1181 3458 1401 3520 verba-emen·

258 3565 333 3626 dare
355 3563 459 3623 conati
480 3574 564 3624 sunt.
610 3563 690 3625 Nam
714 3564 918 3646 egoquidem
939 3585 1042 3647 neque
1065 3561 1262 3624 difficultates
1283 3561 1401 3640 reperi,

260 3691 360 3752 neque
382 3667 478 3746 vitia,
508 3669 651 3750 quamvis
680 3681 711 3729 et
739 3669 860 3748 singulo
890 3671 985 3734 verba
1017 3680 1049 3730 et
1070 3687 1193 3729 omnem
1216 3674 1400 3728 contextum

259 3775 354 3835 semel
374 3783 469 3855 atque
487 3773 600 3834 iterum
616 3784 758 3836 accurate
778 3774 976 3835 excusserim.
1018 3770 1181 3850 Legimus:
1201 3769 1256 3836 scol
1274 3760 1401 3834 Ἀσσυ-

261 3870 419 3958 dilianae
437 3878 570 3960 πρῶτον
589 3878 656 3944 σοῖν
679 3877 753 3960 περὶ
774 3872 948 3964 Αἰσχύλον
968 3875 1134 3958 ἐτίμησαν
1156 3864 1260 3937 εἰκόνι
1281 3869 1400 3958 χαλκῇ.

260 3977 357 4061 Atqui
378 3977 510 4039 statuam
534 3997 660 4039 aeneam
682 3989 802 4040 constat
823 3974 1057 4058 Astydamanti,
1086 3973 1204 4036 cumis
1226 3972 1400 4032 Partheno-

259 4103 368 4161 paeum
394 4080 563 4158 docuisset,
589 4081 629 4142 ab
651 4079 893 4142 Atheniensibus
921 4079 1100 4139 collocatam
1124 4097 1206 4154 esse,
1237 4074 1323 4137 velut
1350 4075 1400 4134 in-

259 4182 342 4262 signe
372 4183 500 4246 honoris
530 4183 766 4263 documentum,
793 4184 884 4244 Phot.
906 4181 982 4244 Lex.
1005 4205 1036 4263 p.
1054 4184 1128 4244 502.
1174 4182 1270 4242 Poeta
1291 4177 1400 4256 igitur,

263 4326 541 4342 Μ

329 4397 359 4466 1)
378 4397 486 4470 Syntaz.
506 4423 530 4475 p.
545 4404 606 4456 263.
