3076 4998
806 299 881 376 148

273 513 339 558 eam
370 490 430 556 sibi
454 487 635 568 denegasset
658 499 786 564 natura,
816 486 972 565 Agathoni
994 505 1071 549 uero
1101 484 1215 548 mirum
1237 483 1270 546 in
1292 485 1420 550 modum

272 595 481 660 concessisset.
523 593 586 657 Sed
606 590 684 676 quid
703 590 742 654 de
761 602 891 656 venusta
913 591 1004 668 hujus
1022 589 1122 670 figura
1143 589 1251 652 multis
1272 587 1421 669 dicamus,

272 723 367 786 quam
397 699 498 763 omnis
526 697 694 780 antiquitas
724 695 757 759 in
788 714 825 758 eo
854 714 1044 776 magnopere
1073 689 1191 758 effert?
1240 693 1355 759 Athen.
1377 697 1420 758 V.

272 827 305 887 p.
326 806 397 882 185,
421 810 494 869 211.
525 805 566 866 X.
588 825 619 884 p.
637 805 712 866 445.
741 801 816 864 XV.
837 822 870 880 p.
887 800 959 862 751.
1002 799 1162 862 Plutarch.
1183 795 1292 878 Symp.
1314 798 1365 874 lll,
1389 803 1419 862 1.

273 906 344 988 Quo
374 909 468 971 etiam
489 906 568 969 illud
592 903 754 986 Euripidis
779 902 897 966 dictum
918 901 1074 983 pertinet,
1106 921 1148 962 ex
1170 901 1302 963 Aeliano
1323 921 1420 982 supra

272 1011 441 1091 prolatum.
485 1007 608 1070 Eximio
630 1005 832 1087 pulchritudo
861 1005 1015 1087 plurimos
1043 1002 1174 1067 amasios
1201 1000 1349 1081 adduxit,
1384 1015 1418 1064 ut

273 1133 343 1174 eum
365 1133 384 1172 a
406 1124 514 1174 tenera
541 1121 641 1172 aetate
670 1109 814 1172 omnibus
843 1109 1013 1189 pellectum
1034 1105 1188 1170 illecebris
1209 1104 1248 1167 ad
1270 1102 1420 1168 libidino-

272 1235 341 1278 sum
363 1213 446 1278 uitae
468 1234 564 1294 genus
585 1214 710 1276 trahere
731 1211 906 1276 studerent.
959 1210 1080 1287 Quibus
1102 1211 1194 1273 nimis
1217 1221 1263 1272 est
1285 1210 1419 1290 morige-

271 1329 369 1380 ratus.
416 1318 453 1380 ln
477 1317 537 1377 lsoc
558 1335 690 1378 numeru
710 1316 818 1392 Plato,
850 1314 1035 1391 Pausanias,
1065 1311 1232 1404 Euripides
1252 1314 1418 1377 habentur.

272 1417 336 1482 Sed
355 1437 535 1501 quanquam
555 1418 650 1495 illius,
672 1437 767 1500 quem
788 1417 893 1498 primo
914 1419 984 1480 loco
1006 1414 1246 1494 nominavimus,
1270 1417 1416 1480 versiculi

272 1532 412 1597 exstant,
445 1519 559 1602 quibua
589 1522 679 1583 Plato
711 1518 924 1582 ardentiorem
953 1517 1110 1609 quendam
1142 1518 1356 1602 incestumque
1386 1521 1417 1582 ei

271 1645 407 1688 amorem
430 1621 616 1702 significasse
638 1623 775 1688 dicatur:

355 1718 419 1812 τήν
439 1719 553 1812 ψυχήν
572 1721 760 1811 Ἀγάθωνα
784 1725 889 1809 φιλῶν
911 1725 967 1793 ini
990 1724 1131 1814 χείλεσιν
1153 1728 1263 1814 ἔσχον·

355 1819 442 1912 diets
461 1821 569 1913 γὰρὴ
594 1825 733 1913 τλήμων
753 1825 796 1902 eie
817 1825 1057 1914 διαβησομένη.

271 1929 404 2008 Diogen.
432 1931 536 1994 Iae’rt.
558 1932 610 2009 111,
632 1935 684 2008 23,
706 1934 758 2008 32,
787 1932 860 1994 Aul.
886 1930 967 1993 Gell.
993 1929 1087 1993 Noet.
1112 1932 1178 1992 Att.
1200 1929 1289 2006 XIX,
1311 1932 1350 1990 11
1375 1964 1417 1976 -

270 2052 343 2093 nam
365 2033 437 2113 quis
458 2034 644 2096 sententiani
666 2034 729 2094 loci
752 2032 855 2094 Gellio
876 2035 898 2096 1.
919 2035 939 2095 1.
960 2045 991 2096 et
1012 2033 1174 2095 Macrobio
1195 2035 1320 2098 Satura.
1340 2033 1378 2109 ll,
1396 2034 1416 2093 2

271 2133 323 2196 tel
348 2132 481 2212 rectius,
514 2135 563 2196 vel
590 2133 716 2196 suavius
743 2131 967 2216 1111111111-
998 2147 1084 2197 tanta
1111 2146 1215 2199 tamen
1237 2135 1362 2198 castitas
1382 2156 1417 2197 ac

271 2236 459 2300 uerecundia
489 2237 523 2300 in
550 2257 675 2300 summo
704 2238 895 2319 philosopho
923 2238 1001 2317 fuit,
1026 2251 1063 2300 ut
1091 2239 1280 2319 epigramma
1310 2238 1416 2319 potius

271 2339 433 2419 spurium,
453 2361 548 2423 quam
569 2341 735 2404 candorem
756 2360 896 2418 morum,
918 2361 1010 2423 quem
1034 2340 1157 2404 divinus
1177 2343 1273 2406 homo
1292 2361 1416 2422 semper

270 2443 419 2521 servavit,
439 2445 733 2527 veneria‘oupidine
750 2447 938 2508 maculatum
956 2465 1021 2508 esse
1040 2445 1239 2508 arbitremur.
1281 2446 1327 2506 Ac
1345 2445 1416 2526 plu·

270 2543 352 2606 rima
373 2564 482 2607 eorum
504 2547 685 2627 carminum,
710 2569 790 2631 quae
811 2549 968 2629 Diogenes
988 2548 1114 2612 Platoni
1133 2548 1256 2626 tribuit,
1276 2546 1316 2610 ad
1332 2566 1416 2609 com·

270 2657 375 2709 menta
396 2648 650 2713 scholasticorum
671 2650 841 2730 ableganda
866 2663 949 2716 sunt.
995 2651 1112 2714 Contra
1134 2661 1263 2729 vereor,
1285 2662 1336 2726 ut,
1358 2648 1415 2731 qui

269 2749 378 2828 paullo
403 2752 574 2816 accuratius
600 2751 639 2816 de
668 2756 825 2818 amoribus
847 2756 1016 2818 Pausaniae
1037 2755 1233 2838 inquisierit,
1261 2767 1314 2816 aut
1334 2754 1416 2817 inla-

269 2850 364 2914 miam
393 2853 502 2931 huius,
531 2867 586 2918 aut
608 2858 837 2939 turpitudinem
867 2869 978 2941 po'e'tae
1008 2861 1081 2924 satis
1111 2857 1276 2922 defendere
1305 2858 1415 2938 possit.

270 2950 433 3032 spectavit
451 2957 544 3036 enim,
565 2960 600 3021 ni
620 2980 751 3041 prorsus
773 2963 876 3041 fallor,
897 2983 1044 3045 spurcum
1066 2961 1298 3026 consuetudinis
1310 2981 1416 3041 genus,

269 3053 355 3136 quod
377 3056 444 3137 ipse
466 3063 673 3142 sequebatur,
708 3085 777 3126 oum
805 3065 976 3128 exercitum
1002 3066 1125 3128 amasiis
1145 3064 1315 3146 priorisque
1337 3061 1415 3124 deli·

269 3156 344 3221 catis
368 3169 560 3224 constantem
590 3163 817 3228 validissimum
846 3179 941 3250 atque
968 3168 1121 3232 invictum
1150 3167 1217 3228 lore
1245 3163 1414 3244 contendit,

268 3259 355 3341 quod
376 3264 564 3328 verecundia
583 3286 649 3330 sese
670 3268 850 3350 relinquero
871 3269 1061 3332 dubitarent.
1104 3270 1166 3334 Sed
1192 3269 1334 3332 Socrates
1349 3269 1416 3330 Xe·

268 3364 440 3441 nophontis
461 3369 620 3449 homines,
643 3371 699 3452 qui
720 3372 876 3456 vituperia
897 3373 1054 3454 negligere
1079 3395 1114 3436 ao
1135 3373 1317 3456 pudicitiam
1341 3390 1415 3437 con·

268 3474 408 3528 temnere
431 3471 583 3550 solerent,
604 3475 729 3554 negavit
749 3497 886 3559 unquam
905 3478 981 3540 mali
1001 3477 1166 3564 turpisqug
1186 3475 1333 3538 facinoris
1354 3497 1414 3557 pu·

267 3564 359 3645 dere,
391 3589 461 3632 oum
482 3572 602 3655 aliquid
623 3587 716 3658 turpe
738 3579 974 3644 commisissent.
1016 3581 1162 3660 Xenoph.
1185 3578 1285 3645 Conv-
1308 3583 1338 3659 8,
1361 3583 1413 3657 32,

266 3671 326 3789 ³³i
353 3670 416 3788 stoi,
431 3698 486 3742 τοι
507 3677 707 3754 Παυσανίας
726 3705 784 3766 ys,
811 3677 829 3750 o‘
849 3674 1052 3768 Ἀγάθωνος
1079 3685 1143 3754 τοῦ
1167 3683 1315 3767 σισινμσῦ
1335 3686 1414 3766 ἐρα-

265 3793 366 3855 στηο,
394 3772 672 3864 απολαγαύμενος
701 3777 882 3869 dolestia
909 3780 1049 3872 α’κρααίςι
1077 3783 1412 3871 συγκαλινδουμένων

266 3873 415 3958 litim,
436 3872 479 3951 dc
499 3881 554 3954 sol
574 3878 767 3968 στράτευμα
790 3883 1028 3970 ἀλκιμώτατον
1050 3883 1093 3958 ἄν
1114 3888 1249 3974 γένοιτο
1270 3891 1305 3952 ἐκ
1327 3910 1411 3952 παι-

264 3969 365 4042 δικῶν
390 3999 426 4045 τε
447 3981 504 4047 eol
525 3987 681 4067 ἐραστῶν.
725 3987 787 4051 Sed
808 3990 898 4050 Plato
926 3987 1056 4054 eandem
1083 3987 1270 4052 sententiam
1299 3986 1412 4050 tribuit

263 4075 417 4142 Phaedro.
451 4079 586 4149 Conviv.
598 4108 630 4167 p.
644 4089 706 4151 178
718 4089 755 4152 Ε.
798 4091 848 4152 De
869 4110 931 4172 qua
953 4081 1145 4156 dissensione
1169 4092 1234 4172 agit
1252 4090 1412 4153 Schnei-

264 4172 381 4240 derus
404 4177 530 4255 Quaest.
552 4185 591 4247 de
613 4187 746 4253 Conuir.
772 4193 919 4272 Xenoph.
940 4216 972 4275 p.
992 4199 1065 4260 147.
1108 4196 1149 4259 Et
1176 4196 1245 4276 ipsa
1272 4192 1410 4256 Socratis

262 4278 359 4339 verbs
386 4281 566 4364 audiamus,
595 4289 708 4370 quibus
733 4289 881 4357 adversus
908 4295 1056 4360 infamem
1086 4298 1236 4360 amasium
1258 4294 1411 4378 disputat.

261 4374 410 4459 X²¹¹⁰Pl¹·
431 4384 453 4448 ¹·
472 4385 495 4448 l·
517 4408 543 4451 c·
552 4392 582 4467 8,
603 4394 662 4454 33:
692 4393 837 4472 τυύτονν
859 4400 924 4485 γάρ
946 4394 1234 4484 detegebatur
1256 4392 1408 4477 μάλιστα
