3086 4992
804 299 877 373 108

358 489 610 552 Theodectes
626 485 663 574 ¹),
685 489 862 550 ArIatsndri
876 488 969 563 filius,
985 487 1071 552 Suid.
1088 511 1112 552 s.
1124 509 1155 550 v.
1169 486 1286 550 Endos·
1304 511 1337 570 p.
1346 493 1421 566 230,

276 593 442 672 Phaselim,
464 596 578 656 Athen.
593 593 634 655 X.
656 614 688 673 p.
706 596 780 670 451,
794 595 869 671 454,
889 594 1019 654 Pausan.
1035 595 1102 672 t,3,
1123 592 1419 657 Pseudo-Plutarch.

275 700 343 759 Vit.
367 700 460 760 lsocr.
489 697 586 760 -Gett,
607 698 699 760 Noct.
712 700 788 766 Att.
809 699 831 759 l.
853 700 876 758 l.
919 697 1028 777 steph.
1051 697 1183 779 Byzant.
1206 718 1230 758 s.
1252 717 1282 759 v.
1307 698 1420 779 Φοιοη-

273 802 335 874 tta.
377 801 465 864 Suid.
486 804 508 863 l.
530 803 551 863 l.
594 801 711 864 Eudoc.
735 803 757 863 l.
780 803 821 877 1.,
853 821 913 862 non
941 799 1213 876 modooratoris,
1242 798 1420 860 sedetiam

273 904 382 984 tragici
403 912 514 985 poetae
536 902 681 968 laudibus
704 905 764 965 init
785 903 929 969 illustris.
973 900 1169 978 Alexander,
1194 921 1252 962 rex
1273 899 1420 962 Macedo·

270 1029 358 1084 num,
377 1029 448 1069 cum
466 1029 523 1089 per
544 1009 650 1071 Asiam
672 1009 824 1070 minorem
844 1006 1043 1088 proficiscens
1063 1005 1261 1068 Phaselidem
1283 1005 1418 1068 venisset

271 1112 379 1194 ibique
409 1123 543 1174 statuam
573 1107 802 1192 conspexisset,
834 1113 866 1172 in
894 1112 963 1172 ioco
989 1108 1160 1172 Theodecti
1181 1109 1332 1190 positam,
1362 1108 1418 1189 qui

270 1226 338 1275 tum
360 1227 515 1276 maturam
538 1227 668 1277 mortem
691 1213 828 1293 obierat,
853 1225 926 1294 post
946 1230 1073 1276 coenam
1095 1212 1284 1273 temulentus
1305 1211 1418 1281 lascive

271 1319 395 1382 saltavit
418 1318 594 1400 multasque
624 1329 742 1378 statuae
764 1335 895 1379 coronas
915 1315 1038 1393 injecit,
1067 1327 1103 1376 ut
1132 1313 1253 1374 homini
1278 1333 1345 1376 non
1370 1313 1419 1374 iu-

272 1434 394 1500 gratum
417 1422 569 1482 honorem
591 1419 756 1496 redderet,
779 1441 890 1502 quem,
912 1419 1082 1481 Aristotele
1105 1418 1273 1497 magistro,
1292 1416 1325 1477 in
1346 1415 1418 1497 phi·

271 1524 432 1604 losophiae
454 1522 564 1592 studiis
591 1523 709 1584 accium
736 1525 903 1590 habuisset.
948 1523 1108 1586 Plutarch.
1131 1523 1222 1588 Alex.
1244 1523 1295 1582 tt.
1337 1520 1418 1580 Pha·

271 1629 399 1692 selidem
427 1647 505 1694 vero
529 1627 717 1693 Alexander
746 1626 798 1694 01.
822 1633 895 1704 111,
917 1634 939 1690 4
963 1627 1118 1707 pervenit.
1165 1622 1349 1700 Quaerimus
1377 1619 1417 1682 de

269 1751 352 1794 anno
375 1732 494 1794 mortis.
541 1733 715 1804 Phaselitae
738 1733 767 1795 ei
788 1745 921 1796 statuam
944 1733 1010 1795 sine
1033 1730 1130 1796 dubio
1150 1748 1214 1790 nnn
1236 1725 1322 1807 prius
1343 1745 1419 1786 con·

270 1847 483 1912 sacraverunt,
506 1857 600 1917 quam
622 1849 693 1916 post
716 1840 782 1914 ejus
805 1850 937 1903 nrnrtem
959 1833 1088 1918 aliquod
1110 1833 1261 1914 temporis
1281 1827 1418 1910 spatium

270 1940 518 2018 praeterlapsum
541 1952 605 2017 est3
637 1940 685 2002 sin
709 1959 786 2003 vero
811 1939 842 2002 id
873 1953 1024 2020 protenus
1045 1939 1201 2015 iecerunt,
1232 1934 1417 2015 simulatque

271 2040 412 2118 decessit,
433 2042 581 2123 quoniam
605 2043 843 2124 quadragesimo
865 2045 967 2124 primo
989 2043 1099 2108 aetatis
1119 2061 1204 2127 anno
1221 2037 1347 2114 occidit,
1367 2033 1417 2101 01.

271 2147 386 2220 101,2
417 2143 604 2230 {emanatus
633 2157 690 2210 est.
734 2145 821 2210 said.
842 2168 867 2210 s.
890 2169 921 2210 v.
946 2147 1083 2232 τελευτᾷ
1114 2145 1149 2213 dl
1179 2151 1216 2212 εὐ
1244 2138 1418 2226 Ἀθήναις

269 2247 352 2318 ἐτῶυ
372 2242 519 2334 γεγονώς
542 2243 573 2314 o'
595 2249 648 2316 ani
671 2245 719 2330 μ’.
762 2249 879 2314 Eudae.
901 2273 932 2332 p.
953 2253 1049 2314 230..’
1075 2251 1184 2332 ltaque
1212 2248 1288 2312 'dua¹
1308 2258 1339 2311 st
1370 2245 1416 2308 vi-

269 2348 358 2428 ginti
370 2369 468 2412 annos
490 2351 689 2429 expleverat,
706 2367 775 2418 cuat
798 2353 831 2416 in
853 2354 1016 2427 funeribus
1033 2353 1170 2418 Mausoli
1190 2350 1340 2416 adversus
1359 2367 1416 2410 no-

268 2451 437 2516 bilissimos
462 2454 600 2520 aernulos
623 2455 754 2530 certavit
782 2451 834 2520 Ol.
860 2458 930 2532 106,
951 2461 983 2522 4.
1034 2457 1125 2521 Hunc
1154 2455 1266 2520 Snidas
1293 2451 1417 2519 audito·

267 2575 334 2618 rem
350 2555 493 2618 laceratis
510 2567 542 2618 et
557 2557 696 2619 Platonis
719 2569 749 2618 et
767 2559 947 2623 Aristotelis
970 2559 1112 2624 vocavit:
1135 2553 1299 2642 μαθητὴς
1315 2549 1417 2622 Πλά-

267 2683 374 2734 τωνος
396 2659 448 2724 sui
467 2649 681 2742 Ἰσοκράτους
700 2660 756 2728 καὶ
778 2655 1044 2746 Ἀριστοτέλους,
1065 2662 1252 2726 assentiente
1267 2656 1415 2720 Ευᾶθΰῑῦ·

268 2762 307 2822 Et
330 2780 510 2843 quanquam
535 2759 589 2822 alii
611 2759 649 2832 da
673 2762 804 2826 Platone
831 2776 952 2843 tacent,
973 2765 1104 2846 plurimi
1127 2776 1227 2826 tamen
1248 2762 1416 2823 Isocratem

270 2865 453 2943 magistrum
477 2865 569 2940 hujus
590 2865 683 2928 irrisae
707 2865 845 2931 tradunt.
888 2868 943 2930 Eat
967 2869 1048 2930 anim
1069 2869 1102 2930 in
1123 2867 1207 2927 libro
1228 2880 1417 2934 commemo·

270 2979 477 3049 cetumquem
499 2968 691 3049 Hermippus
713 2968 752 3031 de
775 2972 882 3034 schola
904 2972 1045 3036 Isocratis
1067 2969 1203 3050 scripsit.
1245 2967 1361 3030 Athen.
1374 2967 1417 3027 X.

265 3091 299 3152 p.
314 3073 388 3133 451.
432 3072 509 3133 Item
533 3070 853 3140 Pseudo-Plutarchus
876 3072 1010 3143 eundem
1031 3077 1090 3136 hoc
1111 3073 1145 3134 in
1168 3087 1300 3135 numero
1320 3069 1415 3130 hahet

268 3195 339 3238 cum
359 3174 429 3237 aliia
452 3195 513 3238 nna
534 3176 726 3257 aequalibus,
748 3177 932 3259 quibuscum
952 3199 1043 3260 saepe
1064 3175 1272 3254 conjungitur.
1314 3173 1416 3234 Porro

268 3278 400 3358 Dionys.
420 3277 579 3340 Halicarn.
600 3277 640 3339 de
663 3280 749 3340 leaeo
770 3283 827 3342 19:
853 3275 930 3350 οὐδέ
950 3306 989 3366 γε
1010 3272 1089 3364 napi
1110 3279 1176 3346 τῶν
1198 3268 1417 3360 συμβιωσάν-

269 3387 337 3445 των
352 3375 536 3462 Ἰσοκράτει
559 3380 612 3444 καὶ
635 3373 696 3448 τὸυ
719 3385 915 3470 χαρακτῆρα
938 3385 998 3468 τῆς
1019 3381 1199 3467 ἑρμηνείας
1217 3377 1345 3446 ἐκείνου
1362 3381 1415 3442 ἐκ·

268 3481 517 3562 μιμησαμένων
540 3475 689 3562 οὐδενὸς,
712 3485 903 3554 Θεοδέκτου
925 3486 1019 3572 λέγω,
1040 3486 1094 3552 καὶ
1115 3481 1342 3566 Θεοπόμπου,
1363 3475 1416 3542 καὶ

270 3578 515 3667 Ναυκράτους,
535 3576 695 3671 Ἐφόρου
720 3589 836 3656 τεκαὶ
864 3589 1040 3671 Φιλίστου,
1071 3587 1127 3654 καὶ
1153 3571 1418 3670 Κηφιασοδῶρου

270 3683 324 3750 καὶ
356 3681 465 3754 ἄλλων
493 3691 636 3776 euxenia.
671 3683 750 3758 οὐδὲ
783 3687 851 3774 ydp
878 3696 997 3758 ἐκεῖνοι
1027 3690 1204 3772 κρίνεσθαι
1234 3676 1322 3770 neda
1352 3678 1416 3764 κήκ

266 3776 476 3870 Ἰσοκράτους
498 3789 651 3876 δύναμίν
673 3795 758 3865 εἰσιν
779 3787 983 3878 ἐπιτήδειοι,
1016 3793 1078 3856 vim
1101 3788 1244 3865 dicendi,
1271 3807 1334 3868 qua
1352 3787 1416 3846 lao-

269 3900 368 3956 crates
391 3894 539 3971 excellat,
563 3894 594 3954 in
617 3895 819 3974 Theodectis,
842 3896 1058 3976 Theopompi,
1080 3891 1245 3958 Naucratis
1268 3888 1416 3970 operibus

268 4041 553 4064 dum-»m

341 4159 370 4229 1)
391 4161 469 4234 Apud
489 4163 613 4219 Photium
633 4167 741 4238 Fragm.
760 4165 886 4220 Cantabr.
906 4186 931 4237 p.
949 4171 1015 4222 dil:
1048 4168 1189 4224 Θεόδεκτος
1208 4163 1318 4235 legitur,
1347 4180 1416 4233 quae

269 4245 353 4300 forma
380 4251 495 4320 genitivo
525 4255 681 4310 Theodecti,
710 4276 789 4328 quem
817 4255 850 4308 Α.
874 4255 977 4310 Gellius
1002 4255 1078 4311 Noct.
1099 4255 1153 4309 Att.
1174 4253 1314 4324 X,18,h.
1336 4249 1414 4303 hahet

271 4335 353 4406 [apud
374 4357 454 4408 quem
473 4341 617 4395 nonnullas
636 4343 704 4410 edd,
723 4355 752 4398 ut
768 4340 919 4412 Tornaeaii,
938 4345 1036 4400 habere
1055 4344 1219 4404 Theodectis.
1239 4359 1313 4394 nunc
1332 4339 1416 4392 video.

269 4421 301 4476 Α.
321 4423 378 4490 11],
398 4426 579 4484 deiendirton
598 4442 693 4502 potest.
