3086 4992
672 333 745 409 147

134 533 199 598 quo
219 515 254 576 in
276 513 423 596 plurimis
444 536 626 582 evanescere
649 519 745 597 solet,
775 532 941 602 quaeram
963 521 1017 584 diu
1037 543 1100 585 non
1125 527 1279 605 potuisset

133 618 257 698 vigere,
292 619 320 679 si
342 637 456 700 corpus
476 619 660 682 libidinibus
683 620 879 686 debilitatum
904 625 1084 708 morbisque
1105 629 1279 692 conlectum

133 721 303 782 habuisset.
346 721 413 784 Nec
434 723 549 786 certius
571 722 742 807 quidquam
768 745 785 786 e
808 728 974 806 postremis
996 727 1185 793 scholiastae
1207 753 1279 796 ver·

131 824 180 886 bis
203 824 360 903 effeceris,
389 845 457 886 cum
488 824 631 888 additur:
663 820 852 912 (Ἀγάθων)
880 821 1049 918 Ἀρχελάῳ
1074 834 1119 915 τῷ
1147 835 1281 918 βασιλεῖ

129 927 229 1016 μέχρι
258 928 414 1012 ’τελευτῆς
441 924 530 1011 μετα
563 927 674 998 ἄλλων
704 931 837 998 πολλῶν
866 934 973 1017 συνῆν
1001 937 1038 1000 ἐν
1071 936 1279 1022 Μακεδονίᾳ.

129 1032 180 1094 Ex
202 1049 268 1113 quo
292 1025 460 1112 quominus
479 1032 676 1111 Agathouem
703 1045 774 1094 ante
803 1031 885 1110 regis
913 1045 1045 1098 mortam
1073 1036 1186 1098 obiisse
1208 1058 1279 1100 cen·

130 1155 209 1212 scas,
232 1134 288 1217 qui
310 1131 467 1212 01.95,1
495 1132 635 1213 decessit,
657 1137 709 1198 vel
730 1135 874 1213 ambigua
894 1132 971 1198 fides
991 1135 1182 1202 Scholiastae
1204 1161 1278 1222 pro·

129 1238 243 1316 hibet‚·
268 1249 438 1318 propterea
460 1236 546 1321 quod
571 1238 610 1301 de
631 1251 733 1300 morte
755 1240 848 1315 hujus
867 1237 946 1301 adeo
968 1241 1049 1302 nihil
1069 1243 1213 1321 rescivit,
1242 1256 1278 1306 ut

129 1341 237 1402 auimo
259 1341 437 1418 vacillaret,
466 1341 657 1404 comicumne
684 1341 723 1403 ad
748 1342 889 1419 obitum,
917 1361 959 1403 an
978 1346 1143 1409 mollitiem
1164 1357 1276 1428 poetae

128 1444 271 1506 allusisse
303 1443 464 1520 jsrdicaret.
516 1443 580 1506 Sed
608 1445 664 1505 illa
695 1443 813 1526 duplici
847 1443 940 1506 modo
970 1446 1105 1530 intelllgi
1134 1463 1276 1532 possunt.

127 1548 211 1610 Nam
236 1557 291 1608 aut
312 1547 445 1610 fidenter
466 1546 505 1626 de
526 1561 632 1610 morte
653 1551 760 1626 hujus,
789 1559 938 1629 tanquam
962 1571 997 1612 re
1020 1565 1118 1632 certa,
1149 1557 1201 1618 vel
1222 1575 1277 1616 ex·

128 1653 272 1731 plorata,
304 1651 464 1733 loquitur,
492 1655 623 1716 alteram
646 1649 829 1732 'explicandi
857 1654 1012 1716 rationem
1038 1677 1189 1738 sequens,
1221 1678 1275 1721 sau

128 1754 237 1816 omisit
265 1755 413 1832 alteram,
444 1774 500 1818 seu
523 1756 631 1818 falsam
660 1755 787 1832 habuit,
816 1768 869 1818 aut
901 1754 940 1817 da
966 1757 1104 1842 hospitio
1129 1760 1276 1820 Archelai

126 1857 323 1937 negligenter
341 1859 456 1937 refert,
477 1879 557 1942 quae
578 1859 718 1921 homiues
740 1858 774 1918 in
796 1868 938 1920 extremo
960 1858 1041 1921 vitae
1064 1881 1155 1922 cursu
1179 1881 1276 1942 expe·

126 1961 253 2023 riantur
285 1982 409 2024 necesse
442 1975 506 2041 est,
540 1983 610 2025 cum
638 1963 833 2042 Agathoncm
863 1983 903 2022 ex
932 1961 1116 2024 Macedonia
1145 1962 1275 2026 rediisse

126 2065 261 2126 nesciret
285 2064 391 2147 ibique
414 2063 496 2128 diem
518 2085 698 2147 supremum
719 2067 831 2131 obiisse
849 2063 988 2146 putaret.
1031 2059 1189 2128 Nimirum
1209 2085 1275 2130 om·

125 2188 183 2231 nes
207 2166 361 2229 morimur
382 2167 420 2252 1).

214 2271 274 2331 Hic
301 2281 448 2352 parentes
475 2273 639 2353 obscuros,
671 2273 725 2336 ssd
748 2273 915 2338 ditissimos
937 2274 1056 2338 babuit.
1110 2273 1191 2336 Nam
1213 2274 1274 2338 nisi

124 2374 278 2438 maximas
300 2374 428 2438 divitias
449 2377 616 2455 habuisset,
640 2395 696 2438 nec
718 2377 960 2440 familiaritatem
980 2383 1137 2456 juvenum,
1160 2378 1274 2460 quibus

125 2480 244 2542 amicus
267 2477 344 2555 luit,
376 2481 579 2558 contrahere,
600 2490 654 2542 aut
676 2499 876 2560 conservare,
897 2500 954 2542 nec
974 2480 1100 2541 luxuria
1121 2478 1273 2557 diffluere,

126 2603 183 2646 uec
202 2581 399 2662 disciplinam
418 2583 629 2664 sophistarum
644 2595 733 2646 tanto
748 2585 852 2665 pretio
868 2575 970 2646 emere
991 2583 1153 2664 potuisset,
1175 2573 1274 2666 quan·

124 2701 193 2750 tum
215 2687 251 2748 bi
272 2685 415 2749 doctores
440 2687 582 2767 flagitare
604 2700 837 2752 consueverant.
881 2685 944 2749 Sed
964 2687 1000 2746 in
1021 2703 1059 2748 eo
1078 2697 1205 2766 praeter
1225 2685 1274 2746 iu·

125 2789 230 2852 dolam
258 2791 412 2870 egregiam
435 2804 467 2853 et
487 2793 693 2873 praeclaram,
723 2791 762 2853 de
783 2812 846 2875 qua
867 2809 942 2854 mox
964 2789 1116 2866 dicemus,
1143 2786 1273 2866 insignis

124 2896 245 2957 lormae
270 2894 416 2975 dignitas,
437 2899 489 2960 vel
513 2905 659 2960 venustas
680 2898 860 2976 apparebat.
903 2894 984 2958 Nam
1005 2892 1148 2955 Socrates
1168 2889 1274 2951 Plato·

124 2999 174 3061 nis
196 2998 358 3078 Protagor.
376 3021 412 3079 p.
429 3001 491 3061 315
513 2999 555 3059 D.
577 3018 646 3059 cum
670 2997 709 3059 de
731 2999 894 3076 Agathone
915 2994 1031 3056 incidat
1053 3012 1172 3056 sermo:
1194 3017 1272 3074 μει-

125 3095 267 3187 ράκιον,
296 3101 418 3184 inquit,
444 3093 487 3174 cic
508 3103 575 3184 μὲν
597 3101 743 3188 ἐγῷμαι,
765 3097 868 3167 καλόν
886 3121 922 3164 ss
942 3091 1099 3182 κὰγαθὸν
1120 3087 1182 3180 τὴν
1204 3084 1272 3178 φύ-

124 3227 201 3282 σιν,
231 3198 297 3286 τὴν
327 3198 359 3269 δ’
376 3194 440 3269 οὖν
469 3199 562 3269 ἰδέαν
590 3200 685 3269 πάνυ
714 3196 824 3275 καλός.
875 3199 940 3263 Ubi
968 3189 1052 3259 haud
1080 3195 1174 3258 dubie
1199 3194 1272 3274 pul·

124 3304 334 3370 chritudinem
365 3303 507 3385 corporis
540 3303 706 3383 siguificat,
743 3303 800 3366 etsi
831 3299 1050 3364 Dorwillio
1081 3295 1121 3359 ad
1153 3294 1270 3358 Charit.

123 3434 156 3493 p.
177 3415 219 3475 23
252 3423 284 3472 et
311 3406 555 3484 Heindorfio
582 3406 620 3468 ad
647 3409 769 3469 Pl'aton.
790 3406 886 3487 Hipp.
914 3407 989 3481 Mai.
1016 3425 1048 3483 p.
1070 3403 1131 3462 281
1163 3417 1272 3461 conce·

123 3513 261 3577 dendum
284 3525 339 3591 est,
361 3512 458 3577 verba
479 3507 581 3583 scalde
600 3533 636 3575 cs
658 3508 714 3574 scol
737 3502 872 3593 ἀγαθός
893 3504 978 3587 apud
999 3503 1120 3566 Atticos
1142 3502 1270 3564 ⁰11¹¹15¹1⁰

122 3617 219 3680 luisse
240 3615 479 3678 blandientium.
519 3613 597 3674 Item
620 3610 871 3688 Socratcs‚-cum
891 3611 924 3672 in
947 3629 984 3671 eo
1007 3609 1064 3687 sit,
1088 3620 1125 3670 ut
1145 3625 1178 3668 se
1198 3621 1272 3665 con·
1399 3651 1404 3658 .

122 3721 205 3782 ferat
225 3718 265 3781 ad
281 3702 454 3799 Agathouis
474 3715 662 3793 convivium,
686 3713 725 3776 de
743 3714 872 3777 insolito
892 3712 1027 3776 vestium
1046 3721 1160 3775 ornatu
1180 3727 1272 3785 roga·

121 3838 191 3903 tus,
214 3823 347 3887 Conviv.
367 3844 400 3903 p.
416 3821 480 3884 174
497 3821 542 3882 A:
571 3820 683 3886 coaice
708 3812 749 3900 δὴ
771 3808 1070 3897 ἐκαλλωπιαάμην,
1092 3818 1149 3876 ἴνα
1171 3803 1271 3878 καλὰς

121 3920 218 4011 παρὰ
242 3920 346 3995 καλὸν
369 3927 407 3991 ἴα
430 3921 610 4005 respondet.
657 3919 815 3982 Nimirum
844 3917 888 3978 ita
916 3936 956 3978 nc
985 3909 1098 3994 hospes
1126 3905 1270 3972 sordidus

120 4048 298 4111 parumque
322 4029 458 4090 urbanus
477 4025 632 4103 rideatur,
654 4019 922 4104 pulchritudinem
939 4017 1078 4101 corporis
1095 4016 1152 4076 boc
1169 4007 1269 4073 veluti

121 4135 195 4196 luco
216 4133 341 4196 habitus
363 4127 592 4212 pigmentisque
614 4127 668 4189 uel
685 4123 823 4204 reicere,
844 4125 895 4187 vel
918 4139 1030 4202 augere
1051 4115 1161 4192 voluit,
1183 4109 1268 4194 quod

193 4347 224 4417 1)
242 4345 353 4412 Nescio,
371 4360 455 4415 quare
474 4337 647 4393 Mlillcrus
664 4337 694 4392 fl.
713 4337 743 4390 L.
760 4335 794 4391 G.
812 4335 845 4390 T.
863 4333 939 4405 [hp.
957 4331 1008 4385 let
1027 4321 1132 4390 credat,
1149 4320 1268 4396 Agatho-

120 4452 187 4490 nem
206 4433 236 4486 in
253 4431 413 4488 Macedonia
434 4429 504 4484 circa
516 4424 570 4492 ,01.
587 4428 631 4494 94,
648 4429 666 4479 t
684 4435 822 4482 mertuum
841 4440 904 4478 case.

919 4516 984 4580 10*
1101 4479 1110 4492 ’
