3088 5008
1251 277 1298 350 41

143 457 261 544 γλυκὺς
290 458 391 544 ταμοξ
417 505 559 525 .....
593 454 678 524 unde
704 455 879 547 Bergidae:
909 449 935 522 δι’
956 455 1002 524 θ’
1023 453 1132 546 ὑστέρω
1152 456 1303 544 μακαρὸς

140 563 254 654 χορδά
271 563 431 650 γλυκίστα
443 589 543 648 .μ.-
566 561 703 651 [ἔπειτα]
727 587 840 630 versus
861 586 980 631 -caussa
1003 565 1114 658 adjeci.
1158 564 1304 633 Verbum

142 670 330 761 μακάρεσσι
352 675 384 736 in
405 680 546 738 mentem
561 668 638 734 mihi
660 679 793 747 revecat
812 669 962 761 Sapphus
987 695 1099 738 versus
1126 694 1175 760 ap.
1189 670 1302 738 Athen.

143 781 220 861 XV,
242 804 272 873 p.
286 779 349 845 674
365 779 401 844 Α.
425 776 700 866 corruptissimoS,
722 777 755 842 in
781 776 893 867 quibus
917 776 1068 843 sanandis
1090 776 1196 844 Neuio
1221 779 1302 868 frag.

144 885 253 954 XLIV
275 887 308 952 in
331 909 370 952 eo
392 883 545 973 imprimis
568 905 620 948 res
634 882 721 948 mihi
743 885 880 948 cessisse
902 882 1039 964 videtur,
1062 883 1149 974 qnod
1170 884 1305 951 verbum

143 991 295 1080 μάκαιρα
325 991 510 1059 emendavit
530 991 565 1054 in
585 983 771 1074 μακάρεσσι
794 980 944 1077 [disrari.
980 989 1095 1056 Habeo
1116 999 1224 1058 tamen
1246 1013 1305 1081 pro

144 1098 489 1170 Neniiemendatione
512 1095 736 1184 [Μνασι]διίια
768 1121 798 1162 ν.
817 1099 849 1176 l,
877 1095 953 1162 licet
983 1095 1098 1165 eadem
1123 1095 1150 1162 F
1151 1095 1306 1164 iorilionis

147 1205 372 1274 emendatione
387 1204 463 1270 oss.
480 1201 552 1268 Aah.
568 1226 598 1292 p.
615 1187 704 1268 ond
720 1199 827 1288 Δι’ρια
846 1201 953 1268 multo·
963 1211 1120 1292 praestet,
1136 1203 1307 1271 meliorem

147 1311 309 1403 quandam
330 1311 363 1375 in
386 1318 540 1400 promptu
559 1310 760 1376 medicinam.
815 1309 925 1394 Quum
948 1311 1033 1376 enim
1054 1311 1087 1375 in
1111 1311 1202 1378 codd.
1225 1311 1305 1378 sori·

146 1429 239 1511 ptum
261 1411 427 1483 sindana
440 1411 618 1502 —ae'pdrod'
630 1425 752 1506 sponte
774 1417 841 1482 fere
864 1417 1008 1506 genuina
1025 1414 1118 1482 lectio
1142 1417 1308 1484 subnasci-

146 1509 259 1592 turzoi
285 1523 509 1590 ΘΥΓΑΤΕΡ
529 1521 746 1592 ΘΕο0’..--’
762 1521 964 1604 Welokerus‚
987 1522 1161 1605 Seidlerus,
1183 1524 1308 1592 Atrea-

17 1621 19 1628 *
148 1633 215 1698 sius
237 1627 321 1697 Dial.
339 1625 428 1694 Aeol.
445 1629 604 1718 pag.2o7.
648 1627 806 1718 Bergkius
828 1628 865 1694 P.
880 1625 968 1693 [οὓ.
981 1649 1053 1718 pagi
1067 1631 1139 1694 617.
1173 1615 1208 1692 oi
1224 1626 1308 1694 Δίκα

148 1739 354 1828 scripsertmt.
370 1771 412 1790 -ι
434 1734 485 1800 Ad
507 1753 638 1802 sensum
661 1735 716 1800 cir.
733 1733 835 1801 Matre
857 1735 944 1814 aaa
964 1729 1134 1820 ἀμβροσίη
1154 1758 1217 1819 μοι
1235 1732 1310 1801 ἔδο-

149 1845 205 1926 ξεν
226 1837 271 1922 ἣν
286 1836 358 1925 άρα
381 1837 538 1908 δαίονται
563 1832 748 1926 μάκαρες
769 1839 868 1904 θεοὶ
889 1833 964 1904 αἰὲν
984 1837 1106 1920 dovrae.
1123 1875 1169 1890 ·-·
1209 1867 1240 1908 v.
1256 1843 1309 1910 35.
1326 1863 1330 1867 ·

149 1946 258 2030 ὅλα-,δὴ
281 1947 432 2034 φιλέοντι
449 1971 524 2016 curn
544 1947 685 2036 Bergkio
707 1969 768 2014 ser.
791 1983 834 2004 ψ-
863 1941 906 2010 dr
927 1946 1073 2014 Diodori.
1096 1946 1138 2028 δὴ
1161 1949 1312 2036 φιλέοντι

149 2080 234 2126 unus
257 2056 371 2122 codex.
414 2053 542 2144 Vrdgo:
564 2049 812 2137 άνδηφιλέοντι.
850 2053 1047 2144 Schweigh.
1070 2053 1168 2146 longe
1191 2079 1210 2122 a
1232 2079 1310 2124 vero

151 2163 327 2240 aberravit:
349 2153 392 2224 άν
414 2158 627 2248 tri-petrona
648 2161 739 2228 θεολ.
761 2199 804 2208 —-
836 2157 931 2226 ταῦτ’
955 2147 981 2224 oi
1005 2156 1147 2248 φιλότας
1170 2163 1310 2252 [ως]
1348 2172 1355 2180 ’

152 2267 272 2344 ἔσθοις
292 2289 349 2332 κε·
374 2267 488 2356 tappet
515 2261 571 2352 δ’]
602 2265 694 2354 codd
725 2254 868 2332 roir'oi
897 2266 1045 2355 φιλέτας
1062 2262 1182 2348 dodoci
1209 2273 1312 2354 (unua
1393 2276 1395 2280 ’

153 2375 225 2446 eod.
250 2373 358 2458 ἕθοις)
381 2375 439 2438 καὶ
458 2368 574 2455 tardat
597 2369 641 2438 τ’.
684 2359 829 2440 ταάτίά
859 2375 993 2442 debetur
1014 2375 1162 2468 Bergtrio.
1206 2375 1313 2444 Laen-

152 2506 230 2551 nam
258 2481 380 2571 primus
408 2481 569 2562 indicavit
587 2479 673 2549 idem
702 2492 734 2548 et
763 2481 925 2572 supplevit
946 2478 1073 2567 φιλίας.
1101 2519 1154 2552 -··-.
1173 2479 1315 2568 φιλότας

153 2579 316 2658 Dirrdorfii
337 2587 523 2674 emendatio¹
542 2597 599 2654 est.
615 2625 665 2644 .-—
691 2591 749 2654 καὶ
776 2587 931 2656 librorum
958 2589 1050 2655 tritus
1074 2597 1125 2654 est
1145 2613 1234 2658 error
1254 2615 1313 2682 pro

154 2719 206 2776 κε,
229 2693 315 2785 quod
338 2694 364 2760 si
379 2693 648 2780 vconsiderassent
666 2694 838 2763 Jacobsius
860 2701 893 2758 et
906 2687 1234 2784 Sehrveighaeirserus
1259 2700 1315 2766 ab·

155 2803 343 2872 stinuissent
362 2798 451 2866 haud
475 2798 569 2865 dubie
593 2823 611 2864 a
634 2801 853 2892 conjiciendo:
873 2796 960 2864 καλά
982 2797 1017 2862 τ’
1039 2797 1090 2864 ὠά
1114 2803 1240 2886 (Athen.
1257 2806 1315 2890 ΙΧ,

153 2911 221 2977 400
234 2908 299 2992 D.).
333 2905 419 2990 Quin
435 2905 519 2973 male
536 2905 688 2986 deessent
709 2905 836 2991 λαγάα.
879 2905 965 2974 Nam
988 2906 1084 2970 etiarn
1102 2906 1223 2979 Pollux
1245 2935 1316 2978 oar.

154 3039 216 3084 nes
240 3024 273 3080 et
295 3011 444 3080 animalia
466 3010 608 3080 volatilia
630 3011 696 3079 iere
720 3013 837 3104 eodem
861 3010 971 3079 ordine
993 3024 1156 3080 recenset:
1178 3015 1274 3099 vno,
1285 3019 1316 3086 4.

157 3117 340 3208 δελφάκια,
362 3116 487 3206 ἔριφοι,
510 3115 597 3200 λαγοὶ
622 3117 716 3202 κρέα,
738 3118 867 3204 λαγῶα,
889 3118 947 3182 καὶ
970 3115 1129 3201 σκελίδες,
1152 3158 1195 3170 -
1222 3118 1316 3189 άλεκ.

158 3221 309 3317 aporiam,
333 3219 558 3312 ἀλεκτορίδος,
580 3223 728 3308 πέρδικες
747 3261 791 3274 -
812 3219 950 3312 φάτται.
972 3261 1015 3272 -
1043 3226 1186 3308 panonia
1206 3231 1319 3320 scripsi

107 3329 110 3334 ’
158 3358 236 3404 cum
246 3331 382 3402 Meinek.
398 3331 450 3416 111,
461 3355 491 3422 p.
507 3329 572 3402 145.
581 3333 675 3417 not.*)
693 3330 984 3422 λλυλςοεφασὲων,
1001 3329 1117 3423 Bergk.
1128 3359 1136 3399 ι
1147 3336 1317 3420 φασσέιιτ.

157 3482 202 3492 -
223 3466 253 3507 v.
266 3440 335 3505 36
370 3433 436 3517 ἤδη
461 3437 497 3502 δὲ
527 3439 652 3504 retinui.
695 3437 835 3529 Bargkio
865 3439 991 3506 videtur
1020 3451 1207 3530 corruptum
1237 3469 1317 3512 esse.
1393 3474 1397 3480 ·

161 3581 204 3599 -
233 3539 458 3636 άρτιιτὸχος.
514 3539 648 3632 σύζυγα]
682 3546 803 3638 scripsi.
860 3545 953 3614 Libb.
987 3543 1214 3634 ὀμοσσάζυγα;
1244 3552 1320 3620 inde

161 3653 280 3743 Bergk.
305 3661 338 3718 et
357 3649 466 3744 Dindi.
490 3647 689 3737 ὁμοσύζυγα.
707 3692 751 3704 --
785 3647 896 3738 άρτων
918 3647 993 3739 ὄχος
1015 3664 1051 3721 ut
1072 3655 1181 3722 Alexis
1205 3657 1320 3725 Athen.

160 3760 220 3842 IX,
235 3783 265 3850 p.
278 3760 341 3827 380
356 3757 394 3823 E.
417 3759 598 3844 παρφέριιν
619 3755 766 3841 ἀγαθάν
788 3755 930 3846 ἁμάξας.
952 3801 995 3812 -
1026 3760 1162 3828 Relieua
1184 3762 1319 3830 Meineln

162 3868 291 3933 Comm.
307 3863 381 3932 Vol.
397 3862 444 3945 tlt,
460 3865 566 3954 poss
588 3865 792 3955 probabiliter
815 3869 961 3934 correxit.
993 3906 1035 3915 —
1084 3892 1114 3933 v.
1131 3867 1181 3932 37.
1225 3865 1265 3933 τό
1286 3892 1321 3934 κε

162 3971 361 4060 Dindorsrus.
402 3969 491 4038 Libb.
516 3969 555 4036 τὸ
577 3973 643 4036 καὶ.
672 4009 714 4020 —-
737 3968 982 4059 τυρόναιταστις
1002 3972 1109 4056 Libb.,
1140 3973 1324 4041 emendavit

163 4075 349 4168 Schweigh.
373 4117 416 4132 v
459 4104 488 4144 v.
502 4079 552 4144 38.
597 4063 617 4156 ἦ
639 4101 701 4166 μιν
715 4065 874 4168 Ϊλίοιλοιλ,
893 4067 1003 4166 tinnio
1025 4079 1207 4168 Schweigh.
1232 4079 1321 4164 Libb.

163 4183 256 4271 ἡμὲν.
276 4225 322 4243 rw
371 4211 399 4250 v.
417 4185 467 4252 39.
489 4170 605 4282 ipen]
634 4186 728 4254 codd.
752 4183 877 4273 ἑταῖροι
905 4187 978 4270 ἴμεν
1000 4187 1124 4272 (ἴσμεν)
1153 4187 1323 4256 Jacobsius

163 4290 332 4379 ἤλθομεν,
374 4291 512 4360 Rectum
531 4295 599 4383 jam
621 4291 699 4359 vidit
722 4281 958 4384 Schweigh.-—
996 4319 1025 4362 v.
1040 4293 1090 4360 dt).
1120 4289 1324 4384 ἐξαπάειρον.
