3044 4982
631 269 713 348 ,39

108 475 154 543 ut,
178 463 207 526 si
229 463 413 546 Lycurgus,
433 463 509 524 haec
530 459 713 542 instituens,
740 467 804 528 non
827 477 889 530 tem
912 467 1098 533 histrionum
1120 475 1267 538 suutatio·

107 567 214 645 nibus,
237 587 336 648 quam
357 565 545 628 correctioni
566 571 730 646 petitarum
752 569 929 649 restitisset,
953 573 1169 640 testimonium
1192 579 1265 648 dtu·

106 667 313 748 ousudoeuc,
339 669 383 732 'de
413 691 475 752 qua
498 683 611 752 agunt,
641 685 673 734 et
706 687 828 736 certum
863 689 895 738 et
923 678 1047 743 illustre
1068 681 1264 748 haberemus.

107 773 196 835 Nam'
209 773 269 854 qui
289 773 372 834 olim*
388 774 567 838 civitatibus
586 779 657 852 jura
672 775 913 860 descripserunt,
935 802 1004 844 cum
1026 803 1128 868 neque
1150 792 1263 864 justam

106 875 275 939 truderent
295 877 373 952 juris
395 876 496 940 civilis
518 891 618 940 artem
641 893 672 942 et
694 883 839 945 omnihus
860 886 999 949 numeris
1021 901 1053 950 et
1072 869 1161 971 copie
1178 892 1263 955 loeo·

105 999 180 1041 rum
203 979 415 1058 conspicuam,
438 1000 541 1064 neque
563 996 689 1048 cunctas
710 989 868 1049 cultorum
889 989 1050 1052 hominum
1065 993 1202 1057 rationes
1217 996 1263 1060 vi·

105 1094 159 1143 tae
181 1081 446 1166 necessitatesque
469 1085 621 1149 haberent
644 1101 840 1170 perspectas,
870 1091 903 1152 in
925 1111 963 1153 eo
985 1094 1157 1174 plurimum
1187 1119 1262 1180 ope·

106 1205 164 1246 ree
187 1185 394 1264 collocabant,
428 1198 534 1249 utres
557 1191 769 1271 corrigerent,
798 1205 853 1256 astt
883 1195 1119 1276 confirmarent,
1153 1204 1261 1281 quales

108 1299 305 1367 tumerent,
328 1302 426 1373 utque
451 1292 566 1354 scelera
588 1297 836 1376 repellerentur,
866 1320 946 1381 quae
968 1301 1001 1362 io
1024 1299 1182 1364 civitatens
1204 1303 1261 1365 du·

106 1389 184 1453 dum
214 1393 350 1472 migrare
379 1408 557 1476 coeperant.
606 1399 648 1458 At
671 1421 727 1460 nec
750 1403 843 1465 rebus
873 1405 1002 1482 suturis,
1033 1425 1090 1466 nec
1120 1407 1260 1470 moribus

108 1516 250 1578 unquam
272 1510 474 1579 prospectum
498 1511 554 1577 est,
577 1500 633 1581 qui
655 1503 754 1584 recipi
776 1519 915 1586 possent.
958 1509 1008 1570 An
1029 1509 1101 1590 quis
1121 1510 1204 1589 leges
1220 1508 1259 1570 de

106 1597 268 1662 adulterio
289 1613 322 1662 et
344 1601 464 1663 ambitu
483 1614 575 1682 putet
596 1603 745 1669 Romanis
766 1605 894 1688 fuisse,x
908 1631 977 1673 cum
1006 1623 1093 1674 tanta
1115 1613 1165 1676 vel
1188 1633 1259 1675 sen·
1344 1621 1346 1626 ’

106 1703 201 1765 ntitas
222 1724 356 1783 morum,
378 1707 429 1768 vel
448 1706 638 1771 verecundia
660 1712 788 1791 vigeret,
810 1725 845 1774 ut
867 1735 925 1775 nec
941 1712 1018 1776 fides
1035 1735 1171 1776 uxorum
1187 1727 1257 1776 ten·

106 1819 251 1886 teretur,
270 1829 371 1892 neque
394 1811 525 1872 ambitio
546 1809 667 1874 animos
690 1813 921 1877 inflammaret?
964 1817 1032 1878 Hoc
1053 1816 1109 1877 alii
1129 1827 1255 1878 conten·

107 1910 207 1990 dant3
226 1913 303 1974 mihi
327 1911 415 1975 secus
437 1911 573 1976 videtur.
617 1914 698 1978 Nam
720 1916 748 1977 si
769 1937 832 1999 qua
849 1918 903 1978 lex
924 1918 987 1978 lata
1008 1931 1065 1995 est,
1087 1939 1128 1979 ex
1143 1939 1179 1979 ea
1196 1922 1257 1995 jons

107 2017 190 2078 facta
212 2037 279 2078 esse
302 2018 484 2097 colligimus,
507 2037 588 2098 quae
609 2019 693 2079 lator
714 2022 779 2095 ejus
802 2021 970 2100 prohibere
993 2020 1111 2098 voluit,
1133 2021 1256 2108 quomi-

106 2141 166 2182 nus
190 2121 274 2181 ultra
296 2119 420 2183 fierent.
471 2119 625 2201 Apposite
648 2121 865 2197 enim'Qicero
887 2145 919 2203 p.
940 2124 1032 2186 Rosc.
1053 2125 1193 2186 Anterio.
1213 2127 1254 2187 25

108 2223 146 2285 de
177 2221 317 2286 Solone:
360 2228 457 2302 „Cum
483 2230 723 2303 interrogaretur,
751 2249 803 2287 eur
829 2229 935 2288 nullum
962 2231 1127 2310 supplicium
1158 2233 1255 2289 consti·

108 2335 201 2390 tuissst
221 2333 250 2390 in
271 2349 335 2390 eum
346 2372 356 2406 ,
378 2334 428 2411 qut
441 2341 586 2402 parentem
607 2342 742 2406 necmsct,
763 2333 918 2412 respondit,
949 2351 979 2391 se
999 2332 1030 2392 id
1051 2335 1184 2392 nemiuem
1198 2329 1254 2410 sa·

106 2445 217 2496 cturum
238 2446 364 2516 putasse.
406 2434 553 2515 Sapienter
565 2432 670 2514 fecisse
690 2436 810 2510 dicitur,
834 2457 897 2496 curu
919 2436 955 2496 de
975 2457 1007 2497 eo
1029 2436 1097 2496 ntttt
1117 2438 1254 2508 sonuerit,

106 2540 183 2621 quod
200 2550 289 2599 antea
310 2539 486 2598 commissum
507 2559 560 2598 nun
582 2549 662 2614 erut,
684 2557 718 2598 ue
737 2560 791 2599 rou
811 2549 872 2600 tom
893 2540 1054 2620 prohibere,
1087 2560 1175 2620 quam
1197 2539 1254 2598 od·

106 2663 216 2702 morere
248 2641 416 2702 uideretur.''
472 2634 543 2712 Quo
580 2651 668 2703 vetus
697 2639 908 2702 Romanorum
944 2639 1148 2721 proverbium
1180 2659 1253 2719 per·

106 2743 200 2821 tinet,
224 2741 310 2824 quod
332 2753 380 2802 est
400 2761 451 2821 ap.
472 2741 612 2804 Macrob.
637 2742 670 2804 iu
694 2741 976 2820 Saturo.lll,17:
1008 2748 1112 2823 „Vetus
1141 2745 1252 2806 serlum

107 2860 164 2909 est.-
185 2850 275 2925 leges
298 2848 388 2908 hortos
408 2867 445 2906 eas
465 2848 549 2906 mulis
569 2849 691 2909 marthus
708 2836 924 2931 prodreuatur.'’

193 2947 256 3024 Qui
286 2958 390 3008 autem
416 2947 537 3008 fabulas
558 2949 705 3030 Aeschyli
733 2950 930 3029 corrigendas
962 2962 1178 3032 susceperunt,
1213 2971 1254 3012 ex

107 3071 219 3131 genere
241 3055 326 3129 ejus,
354 3051 388 3112 ni
408 3051 564 3128 fallimur,
592 3062 683 3111 erant
704 3051 841 3113 oriundi.
892 3052 1037 3133 Namque
1058 3073 1131 3112 eum
1161 3054 1253 3112 multi

106 3162 217 3234 poe'tae
239 3154 273 3214 in
296 3157 447 3232 majorum
471 3171 603 3216 numero
623 3154 815 3232 habuerunt,
845 3154 878 3215 in
904 3155 953 3216 his
974 3154 1050 3230 Βίο,
1079 3152 1251 3232 Euphorio,

106 3258 287 3336 Morsimus,
302 3259 504 3338 Melanthius,
521 3259 688 3340 Philocles,
708 3259 833 3342 duoque
845 3257 1092 3342 Astydumantee.
1137 3253 1253 3330 Quem·

108 3357 276 3422 admodum
298 3361 468 3442 Euphorio,
491 3375 526 3424 ut
547 3361 659 3424 Suidas
681 3385 705 3425 s.
727 3385 757 3426 v.
779 3375 895 3441 narrat,
917 3359 1056 3424 nondum
1078 3356 1177 3432 editas
1197 3378 1252 3437 pa·

108 3464 165 3525 tris
187 3464 309 3526 tabulas
329 3464 361 3524 iu
376 3478 531 3528 certamen
549 3464 664 3528 detulit
685 3477 859 3549 quaterque
880 3464 1041 3529 victoriam
1063 3475 1172 3524 nactus
1195 3473 1251 3538 est,

107 3567 151 3627 ita
179 3588 220 3628 ne
250 3566 350 3630 doctis
379 3567 507 3651 quidem
529 3569 724 3652 vulgatisque
748 3567 916 3648 tragoediis
945 3567 1070 3631 uidetur
1098 3567 1126 3630 is
1158 3567 1251 3647 plane

108 3669 301 3747 abstinuisse,
324 3690 404 3752 quae
424 3693 444 3732 a
463 3672 584 3752 populo
602 3671 744 3752 cupidius
757 3671 1026 3735 desiderabantur.
1070 3669 1175 3734 Ceteri
1197 3691 1252 3732 au·
1361 3755 1363 3757 Ι

109 3781 186 3848 tem,
207 3771 316 3833 eadem
338 3785 405 3835 arte
426 3774 584 3856 occupati,
615 3795 685 3836 cum
706 3777 845 3858 propriis
867 3776 1036 3839 virtutibus
1057 3792 1119 3836 noo
1142 3770 1250 3832 admo.

76 3939 83 3950 ,
108 3871 181 3936 dum
203 3877 394 3938 excellerent
415 3876 628 3959 vidissemque
653 3875 686 3939 iri
702 3899 793 3942 scene
808 3877 885 3961 quid
899 3887 1026 3959 possent
1046 3875 1178 3952 efficere,
1200 3893 1252 3934 oc-

108 3977 262 4042 casionem
285 3979 407 4042 fabulas
428 3982 480 4044 rel
501 3982 610 4064 patris,
633 3983 683 4043 rel
703 3983 755 4046 avi
777 3981 908 4045 docendi
928 3978 1124 4063 nequaquam
1141 3978 1250 4037 amise-

106 4093 191 4142 runt.
234 4081 400 4146 Habebunt
433 4084 516 4146 enim
540 4104 636 4164 opera
657 4085 849 4148 hereditario
871 4083 1006 4166 quodam
1036 4089 1104 4161 jure
1125 4090 1250 4159 accepta
1334 4165 1338 4174 ι

109 4196 140 4245 et
158 4189 290 4266 sperone
311 4198 475 4267 poterant,
504 4188 588 4267 sore,
614 4185 651 4251 ut
672 4211 708 4252 ea
729 4191 849 4272 populo
871 4186 1058 4269 praeprimis
1080 4185 1249 4263 placerent.

109 4283 190 4360 Quid
213 4300 320 4349 autem
342 4290 452 4354 iisdem
475 4290 607 4354 debebat
629 4295 680 4357 vel
701 4294 806 4376 potius
831 4313 906 4370 esse,
928 4291 978 4354 vel
991 4286 1136 4365 sanctius,
1156 4308 1249 4370 quam
1318 4347 1320 4356 .

105 4390 232 4469 gloriam
263 4393 371 4472 po'e'sis
400 4398 439 4458 ab
468 4395 622 4478 Aeschylo
651 4398 792 4463 relictam
823 4392 957 4463 {emiliae
982 4389 1034 4454 sel
1056 4409 1250 4468 conservare,
