3076 4998
128 537 275 618 probare,
296 533 358 596 alia
381 534 551 628 explodere
572 548 710 616 possent.
753 537 910 600 Nimirum
931 539 964 602 in
987 541 1059 620 illis,
1081 543 1160 606 sicut
1180 555 1274 626 poe'tn

127 636 225 700 modo
247 638 413 700 veritatem
425 639 589 721 seqnitur,
609 638 707 704 modo
725 640 825 702 libere
846 641 990 720 fingendi¹
1004 643 1107 707 studio
1124 647 1273 728 indulget,

127 742 170 804 ita
190 761 257 804 non
280 745 344 802 tam
362 740 460 802 oculis
476 753 572 824 atque
589 741 715 803 attribue
732 743 973 806 veterrimorum
987 747 1158 826 hominum,
1181 771 1274 832 quam

127 845 261 925 ingeniis
283 850 447 924 petitarum
468 845 605 924 plurima
627 845 733 908 deberi
755 847 940 922 voluerunt,
972 849 1028 929 qui
1050 850 1124 912 haec
1144 850 1177 912 in
1201 849 1274 915 deo·

127 969 197 1010 rum
220 949 373 1009 honorem
394 948 455 1009 sibi
478 937 750 1028 exeeg'itaviesent.
792 949 860 1010 Hos
882 949 965 1010 enim
980 951 1071 1013 Plato
1093 952 1126 1013 in
1142 953 1275 1018 Phaedr.

126 1053 247 1132 pets
269 1051 311 1112 D.
339 1049 453 1117 leiiter
481 1049 701 1132 reprehendit,
730 1049 805 1112 dum
829 1051 977 1132 populari
996 1064 1091 1134 atque
1119 1055 1275 1118 communi

69 1209 74 1214 .
126 1153 290 1214 hominum
313 1153 461 1234 opinioni
486 1150 552 1215 s'eee
582 1156 799 1234 obtemperare
826 1153 949 1234 potius,
980 1176 1073 1236 quam
1101 1158 1275 1220 temerariis

129 1257 314 1334 conjecturis
335 1276 464 1338 operam
485 1256 626 1337 perdere.
642 1267 808 1318 asseverat.
851 1256 887 1318 In
904 1256 1015 1318 horum
1032 1258 1128 1338 igitur
1144 1281 1275 1324 numero

126 1360 251 1438 Agatho
273 1359 344 1421 fuit.
400 1359 480 1425 Nam
503 1357 653 1421 adversus
674 1358 867 1436 Phaedrum,
891 1359 963 1441 qui,
985 1359 1208 1442 antiquissimis
1230 1365 1276 1426 io·

126 1463 210 1524 bulis
240 1461 357 1540 fretus,
391 1462 430 1522 ei.
452 1461 625 1524 Brendie
646 1461 729 1524 Hist.
747 1461 864 1524 Philus.
885 1461 921 1522 T.
944 1462 967 1522 1.
988 1483 1021 1542 p.
1038 1464 1097 1540 62,
1126 1465 1275 1530 Amorem

125 1564 265 1644 primum
286 1561 418 1624 deorum
445 1562 541 1624 luisse
570 1561 749 1640 contendit,
782 1562 930 1642 speciosis
950 1563 1125 1627 rationibus
1147 1567 1275 1630 demon·

126 1678 223 1744 strat,
252 1685 323 1728 eum
353 1675 461 1748 contra
480 1677 566 1728 natu
592 1665 757 1726 minimum
781 1664 894 1731 videri.
938 1663 1070 1729 Convir.
1092 1689 1124 1746 p.
1148 1673 1208 1734 195
1230 1673 1273 1735 B:

125 1760 216 1852 ’Eyoi
238 1766 273 1834 di
305 1763 566 1856 Φαίδρῳπολλᾶ
590 1763 676 1836 ἄλλα
700 1762 875 1851 ὁμολογῶν
897 1768 1001 1834 τοῦτο
1024 1764 1086 1855 οὐχ
1109 1763 1275 1858 ὁμολογῶ,

126 1863 172 1943 eir
187 1865 297 1955 ''Epo-c
319 1867 459 1952 Κρόνον
474 1871 528 1936 aui
548 1863 710 1936 ’Innssoti
731 1863 947 1955 ἀρχαιότερὸς
962 1874 1066 1946 ἐστιν,
1087 1863 1171 1938 silini
1189 1876 1275 1958 φημὶ

125 1968 298 2038 νεώτατον
320 1964 428 2037 adeso
453 1970 541 2036 siret
563 1971 657 2035 θεῶν
678 1969 733 2054 aul
751 1961 807 2034 aiei
828 1969 920 2036 rior·
969 1969 1011 2031 Et
1032 1968 1170 2050 dubitat,
1200 1995 1275 2038 num

125 2074 211 2136 inter
224 2073 298 2136 deos
315 2074 390 2136 olim
404 2070 581 2150 acciderint,
596 2091 677 2152 quae
691 2069 838 2140 accidisse
855 2070 1005 2135 ferantur.
1029 2069 1108 2134 Ibid.
1121 2095 1154 2154 p.
1163 2077 1226 2140 tot
1235 2075 1274 2138 Ge

125 2171 168 2242 rei
193 2170 383 2244 di-naiueei
404 2170 592 2262 πράγματα
617 2173 692 2258 napi
716 2168 844 2250 dende,
873 2169 896 2238 di
919 2167 1080 2247 Ἡσίοδος
1100 2175 1155 2242 uui
1177 2177 1275 2262 Hop-

124 2278 269 2364 psaltae
298 2280 471 2363 λέγουσιν,
503 2270 658 2360 Ἀνάγκῃ
688 2276 744 2340 καὶ
775 2267 837 2342 etia
863 2270 991 2358 Ἔρωτι
1018 2277 1214 2360 γεγονέναι,
1245 2283 1275 2344 εἰ

124 2387 246 2447 ἐκεῖνοι
267 2372 385 2465 ἀληθῆ
406 2379 533 2462 ἔλεγον.
575 2376 656 2471 Nem
678 2387 898 2457 partes,1quae
919 2376 953 2436 in
975 2377 1078 2456 prima
1099 2383 1204 2440 rerum
1221 2377 1276 2444 de·
1298 2452 1305 2466 ο

124 2485 315 2566 scriptione,
345 2484 405 2546 veh
419 2479 690 2545 administratione
711 2479 823 2544 Amori
844 2480 939 2557 vulgo
963 2477 1190 2558 concedantur,
1210 2481 1275 2544 Ne·

125 2587 279 2672 cessitatis
300 2587 394 2648 luisse
416 2583 528 2649 videri.
572 2587 610 2653 ln
637 2604 702 2674 quo
730 2585 862 2650 multum
891 2577 1060 2666 plerosque
1088 2584 1274 2666 interpretes

124 2692 245 2768 movit,
274 2686 361 2773 quod
384 2685 557 2754 Hesiodum
580 2709 650 2753 cum
672 2685 858 2752 Parmenide
878 2699 995 2751 temere
1018 2687 1275 2767 coniungitseo·

125 2793 261 2878 demque
284 2793 355 2856 loco
376 2797 485 2873 po'e'tas
507 2789 787 2870 diversigeneris,
815 2802 964 2873 tanquam
992 2804 1133 2854 auctores
1156 2794 1275 2869 tabula-

124 2897 355 2973 rumpebat,
388 2915 460 2958 cum
486 2896 566 2960 alter
592 2891 720 2974 quidem
747 2895 868 2956 iabulas
890 2894 1087 2976 antiquitatis
1108 2907 1163 2958 aut
1179 2895 1274 2972 nihil,

124 3011 183 3060 aut
209 3015 321 3078 parum
349 2999 526 3061 immutatas
556 2997 755 3076 exposuerit,
790 2999 870 3058 alter
891 3017 968 3058 vero
990 2998 1208 3078 philosophica
1235 2999 1274 3060 de

124 3121 233 3168 rerunt
256 3103 519 3182 origines-placita
541 3113 639 3183 enque
665 3101 804 3182 mythico
834 3118 976 3160 sermone
1004 3087 1114 3160 ornata
1136 3100 1169 3160 in
1190 3100 1274 3161 libro

125 3204 166 3267 de
188 3204 394 3286 physiologia,
415 3223 468 3266 seu
490 3216 610 3281 natura,
633 3201 720 3264 Sext.
741 3200 862 3280 Empir.
882 3199 920 3260 ad
941 3201 1092 3263 Mathem.
1114 3199 1184 3276 VH,
1203 3203 1274 3275 111,

126 3305 342 3388 explicaverit.
385 3306 439 3366 He
447 3327 505 3388 yn.
536 3305 575 3368 ad
606 3302 792 3386 Apollodor.
821 3326 854 3384 p.
876 3306 948 3366 919.
1000 3303 1188 3382 Praeprimis
1212 3305 1274 3379 jam

125 3410 265 3490 suspieIo
293 3408 398 3472 Astii
428 3407 597 3490 displicet,
623 3410 741 3473 nullius
770 3407 845 3471 libri
872 3407 934 3469 lide
960 3400 1186 3490 Ἐπιμενίδης
1213 3423 1273 3484 pro

125 3511 348 3596 Παρμενίδης
370 3513 565 3576 inculcantis.
606 3511 794 3578 Prudentius
815 3510 870 3572 alii
894 3522 1040 3590 egerunt,
1070 3521 1105 3572 ut
1123 3506 1274 3591 Sydon·

125 3613 282 3677 hamius
305 3628 336 3677 et
359 3616 747 3693 Schleiermacherus,
770 3615 1008 3679 ostentationem
1030 3619 1159 3693 po‘e‘tae,
1179 3631 1275 3692 quam

125 3717 216 3779 Plato
239 3739 367 3801 carpere
388 3722 543 3800 voluerit,
563 3722 597 3788 in
619 3723 680 3784 hoc
701 3721 771 3802 ipso
791 3739 944 3800 apparere
967 3717 1168 3797 suspicantes.
1212 3709 1275 3773 Sed

126 3821 256 3883 nonita
279 3834 336 3884 est.
379 3822 460 3886 Nam
487 3822 642 3886 Hesiodus
665 3821 788 3894 tametsi
808 3821 1005 3888 narrationes
1032 3801 1070 3880 de
1098 3810 1274 3895 primordio
1326 3849 1329 3858 ·

126 3943 245 4002 rerum,
268 3927 376 4008 quales
394 3925 428 3988 in
449 3927 673 4010 antiquissimis
696 3935 788 3992 erant
801 3923 923 3999 fabulis,
945 3919 1119 3998 animisque
1134 3913 1274 3976 omnium

125 4025 259 4106 infixae,
289 4040 413 4090 secutus
436 4041 630 4106 est,*tamen
652 4029 750 4090 multa
774 4045 813 4088 ex
835 4021 1057 4106 philosophica.
1071 4037 1176 4083 rerum
1200 4033 1274 4076 con·
1345 4059 1349 4073 .

124 4130 330 4212 templatione
353 4133 466 4208 habet,
494 4131 526 4194 in
549 4132 664 4213 quibus
687 4130 783 4208 magis
809 4126 945 4193 studium
965 4119 1161 4202 sapientiae,
1178 4139 1273 4199 quam

123 4233 286 4313 religionis
319 4234 614 4316 interpretationem
649 4234 783 4296 mireris.
830 4221 1209 4320 Goettling·.P1'atf²i·
1232 4223 1272 4294 ad

124 4335 255 4402 Hesiod.
279 4359 314 4418 p.
333 4334 450 4404 thtt.
494 4337 577 4414 Ques
599 4338 726 4420 quidem
747 4357 798 4400 res
824 4348 931 4400 utrum
953 4332 1021 4412 ipse
1043 4325 1164 4414 primus
1184 4326 1273 4397 inte·

124 4439 227 4516 uerit,
258 4461 297 4503 an
320 4440 447 4505 aliunde
470 4441 593 4522 cognita
618 4439 822 4527 congesserit,
846 4439 903 4498 'hic
927 4434 1030 4499 dicens
1058 4450 1122 4494 non
1151 4430 1271 4494 attinet.

920 4545 986 4608 li*
