3048 4998
222 299 298 376 ato

221 486 264 553 rit
289 505 341 576 ap.
367 479 483 552 Athen.
506 481 594 568 xiv,
616 505 647 576 p.
670 485 789 552 61711.
819 482 874 573 qtu'
904 477 996 548 leem
1025 474 1115 544 lund
1140 475 1246 564 mag'm
1267 469 1392 564 aliquid
1505 535 1506 584 4

225 591 266 660 atl
279 590 517 681 Aesculapium,
541 615 637 682 quam
659 592 807 682 superior
828 588 869 654 ad
882 607 1004 656 navem
1017 585 1102 653 iacit
1133 581 1396 650 limmitamm

224 696 409 786 Dionysum
432 719 561 789 quoque
589 698 752 766 medicum
778 717 851 764 esse
877 692 1016 774 cultum
1049 712 1113 782 quo
1142 689 1187 758 de
1206 689 1394 758 emtus

224 806 258 872 in
280 803 428 894 Dionyso
450 825 481 895 p.
504 803 678 875 2411111111.
730 803 825 872 Aliud
854 799 1007 892 quiddam
1033 797 1189 888 suspicari
1217 794 1398 886 possimus,

226 913 254 978 si
272 909 500 1000 Aesculapium
514 913 741 1002 negaverimus
764 906 1002 999 ditlrymmbum
1023 906 1131 986 imeae,
1151 900 1240 994 quod
1260 898 1399 991 quidem

229 1015 314 1084 edite
334 1039 494 1107 nusquam
515 1027 674 1088 testantur
694 1029 832 1087 veteres.
874 1014 1026 1104 Namque
1045 1009 1201 1100 Epidauri
1223 1006 1305 1074 tube
1332 1007 1399 1072 Ar-

229 1122 344 1214 golidis
365 1123 550 1215 Aesculapii
567 1124 657 1192 cultu
677 1122 928 1192 nobilissimam
948 1118 1107 1188 honorem
1134 1117 1187 1184 dei
1207 1113 1398 1205 Epidauria,

229 1229 298 1298 sive
322 1229 492 1322 Asclepiea
510 1233 592 1298 festa
612 1230 775 1303 celebrata
800 1237 891 1310 sunt,
920 1249 1004 1318 quae
1027 1232 1160 1315 propter
1183 1218 1398 1312 magnifieen-
1504 1235 1505 1238 ’

229 1337 308 1402 tiam
330 1337 481 1404 eximiam
501 1333 632 1424 μεγάλα
651 1335 874 1418 'Auriculam
895 1345 928 1404 ot
947 1325 1260 1424 aeromantiam
1281 1325 1400 1418 appel·-
1506 1363 1507 1424 p

229 1437 387 1508 labantur.
429 1441 483 1510 De
504 1442 553 1511 his
566 1445 672 1512 :docte
694 1443 843 1514 dimenait
862 1445 899 1512 O.
913 1438 1074 1534 Sprengel
1095 1436 1280 1520 ,chrsqu
1302 1437 1400 1502 citrea·

229 1549 504 1637 properati-selaeu
545 1549 740 1621 (derelictio
762 1555 832 1621 dor
867 1548 1158 1628 mammadffl
1196 1542 1269 1611 Hal.
1300 1542 1398 1608 1800.

232 1652 327 1722 Tom.
339 1654 361 1739 Ι,
374 1676 405 1747 p.
419 1657 491 1724 213.
535 1658 603 1729 Sed
622 1661 746 1728 musica
768 1681 898 1752 quotpra
918 1655 1096 1726 certam
1114 1654 1149 1720 in
1167 1650 1283 1720 iisdem
1304 1669 1401 1716 eom·

232 1761 332 1828 missa
354 1785 437 1844 esec,
460 1787 502 1832 ex
523 1763 667 1834 Platonis
688 1766 767 1836 lone
785 1789 816 1856 p.
833 1765 900 1832 530
914 1765 952 1831 Az
975 1767 1186 1854 (quamquam
1196 1758 1293 1826 uruca
1306 1753 1400 1839 loco)

233 1871 470 1959 cognoscimus.
512 1871 702 1963 Respondet
721 1875 766 1941 ibi
786 1869 819 1940 lo
842 1869 1039 1962 rhapsodus,
1064 1865 1233 1957 merenti
1259 1865 1399 1954 exipso

234 1973 376 2044 Socrati:
406 1977 480 2064 μῶν
506 1981 563 2044 καὶ
589 1981 760 2070 ῥαψῳδῶν
787 1976 902 2070 ἀγῶνα
931 1977 1075 2044 τιθέασι.
1094 1971 1140 2062 opi
1159 1970 1234 2062 θεῷ
1253 1971 1289 2036 οἱ
1306 1965 1400 2038 Ἑπι-

236 2076 387 2168 δαύριοις
407 2084 503 2154 haece
525 2083 615 2152 πάνυ
636 2109 672 2176 yt
694 2089 751 2152 καὶ
773 2087 830 2164 τῆς
852 2083 956 2166 ἄλλης
977 2107 1012 2166 γε
1033 2075 1203 2166 poematia.
1223 2109 1227 2116 ·
1244 2078 1397 2146 Fortasse

233 2187 331 2278 igitur
353 2191 504 2260 Telestae
525 2195 737 2287 Aesculapius
766 2213 898 2278 carmen
925 2201 995 2260 crat
1019 2190 1109 2272 iestis
1126 2187 1185 2256 .his
1207 2185 1401 2278 Epidaurio-
1507 2241 1508 2258 ,

235 2315 308 2364 rum
331 2296 442 2367 diebus
464 2304 689 2394 compositum.
710 2341 753 2352 —

291 2421 294 2428 ·
322 2403 473 2498 Denique
495 2409 669 2476 Simonidis
690 2409 897 2477 Memnonem
912 2405 1030 2476 Strabo
1042 2404 1119 2484 XV,
1129 2427 1161 2495 p.
1172 2405 1238 2470 728
1246 2401 1287 2470 Β.
1310 2421 1403 2469 οοιιι-

236 2522 412 2596 memorum
447 2514 488 2580 ad
515 2519 607 2608 cujus
637 2539 713 2582 cum
741 2513 910 2584 Bacchiois
937 2515 1033 2582 rebus
1060 2510 1300 2603 expediendum
1322 2529 1402 2576 ooa-

236 2635 359 2682 nexum
382 2618 434 2685 alii
456 2621 497 2688 de
517 2623 652 2704 Aurora,
671 2621 854 2690 Memnonis
872 2630 984 2702 matre,
1005 2617 1197 2711 nescioquo
1215 2621 1291 2710 jure
1311 2615 1403 2705 cogi·
1496 2653 1509 2694 a

237 2727 360 2808 turunt;
383 2724 446 2810 alii,
467 2751 548 2820 quos
569 2732 653 2798 inter
667 2727 935 2798 Schneidewinus
957 2727 1079 2796 Simon.
1092 2727 1133 2794 ir.
1144 2727 1188 2792 41
1214 2724 1256 2792 ad
1277 2722 1404 2790 cultum
1508 2783 1509 2814 y

238 2824 377 2922 Dionysi
394 2824 509 2903 solaris
532 2833 617 2928 apud
632 2835 746 2904 Delios
759 2844 930 2927 provocat3
953 2833 1106 2902 seductus
1125 2853 1225 2924 prava
1242 2829 1405 2898 librorum
1508 2827 1509 2830 ’

240 2999 439 3027 ᾖ

311 3102 420 3165 σάντων
438 3109 485 3166 ἐπὶ
509 3113 555 3181 τῆς
567 3090 679 3189 Ἀργοῦς
697 3116 744 3168 καὶ
766 3115 863 3169 τοῦτον
880 3089 1014 3184 γενέσθαο
1030 3086 1193 3184 ιλεγόμενον·
1217 3075 1357 3180 1ὁμολογεῖ
1373 3106 1420 3161 dd*

309 3211 361 3265 μοι
377 3199 426 3250 sul
443 3201 493 3253 τοῦ
508 3196 616 3254 Ῥοδίου
634 3203 750 3269 ποιητοῦ
768 3199 802 3255 ad
821 3201 881 3268 ἔπη.
919 3201 975 3256 Cir.
993 3201 1123 3268 Didymus
1140 3199 1171 3252 ll.
1188 3192 1213 3265 ff
1231 3197 1285 3252 570
1303 3202 1332 3249 et
1351 3197 1406 3250 Ga·

311 3285 419 3352 talogus
431 3288 646 3355 Argonautarum
660 3290 796 3359 praefixus
810 3291 899 3345 valer.
909 3289 1002 3342 Flauo.
1014 3285 1122 3356 Bipont.
1133 3287 1212 3340 1786.
1223 3300 1251 3352 p.
1261 3284 1404 3337 cxxxvi.

309 3371 435 3426 Fuerunt
452 3376 561 3444 quidem
579 3377 724 3446 Staphylus
742 3387 851 3447 quoque
861 3381 899 3431 ,at
916 3371 1217 3442 enormitatum
1232 3369 1306 3425 inter
1317 3371 1407 3438 Argo-

313 3465 420 3528 nautas,
437 3478 551 3531 qaorum
570 3468 673 3534 tamen,
698 3482 782 3536 quum
800 3473 914 3534 uterque
932 3463 984 3518 ooli
1000 3465 1223 3533 commemoretur
1239 3460 1405 3530 Apollodoro

313 3559 368 3598 uon
386 3565 483 3614 magna
500 3549 679 3606 increbruisse
696 3553 769 3606 fama
787 3553 903 3607 videtur.
945 3552 968 3604 E
988 3554 1082 3612 oontm
1099 3547 1231 3622 Phliuntia
1249 3548 1405 3602 memoriam

314 3633 409 3700 quanti
433 3635 612 3704 posteriorum
637 3639 734 3706 religio
759 3637 952 3692 existimaverit
957 3629 1040 3700 [vel
1065 3620 1128 3689 inde
1152 3636 1280 3703 cognosci
1304 3639 1404 3704 potest,

311 3722 385 3788 quod
401 3723 437 3776 ad
455 3725 606 3789 augendam
623 3725 712 3780 herois
728 3725 810 3791 hujus
827 3723 1016 3795 antiquitatem
1040 3719 1171 3778 nonnulli
1188 3723 1269 3777 etiam
1292 3727 1403 3776 matrem

310 3806 396 3874 ipsius
420 3827 451 3864 se
476 3811 602 3879 ignorare
624 3812 797 3880 simularent,
817 3813 981 3882 ‚Bacchique
1009 3827 1071 3866 cum
1100 3810 1283 3879 ex-Nym'plaa
1314 3810 1404 3879 aliqua
1508 3837 1509 3840 ¹

311 3893 397 3952 lilium
416 3899 546 3955 dicerent.
580 3904 657 3956 Inter
676 3915 746 3971 quos
766 3900 849 3958 etiam
870 3901 1005 3970 reperitur
1027 3899 1149 3970 quiaquia
1173 3903 1216 3954 eat
1241 3899 1404 3964 denarranti-

313 3995 405 4038 corum
429 3987 544 4058 scriptor
561 4005 586 4045 r.
606 3991 666 4043 192.
701 3989 759 4041 Nec
786 4004 840 4040 non
863 3987 1017 4057 Stephanus
1039 3989 1104 4054 Byz.
1122 3991 1151 4040 et
1169 3985 1261 4040 Schol.
1277 3987 1403 4054 Apollou.
1508 3961 1509 4012 3

312 4067 501 4138 Rhod.l,115
519 4077 581 4130 ideo
600 4076 628 4130 in
645 4092 702 4130 rem
719 4079 838 4128 nostram
856 4075 970 4143 iaciunt,
988 4091 1049 4129 oum
1066 4073 1140 4141 quod
1158 4069 1292 4126 tradidere
1311 4071 1403 4124 mauu

308 4171 410 4214 ,nomeu
433 4158 607 4234 Χθονοφύλη
629 4165 664 4216 de
685 4162 787 4217 Baeolai
811 4160 891 4217 iatius
917 4167 1015 4216 natura
1036 4158 1164 4214 cillenia
1187 4164 1271 4229 aque
1293 4158 1403 4214 heroica

312 4263 361 4301 noa
379 4248 476 4304 dnbio·
496 4265 605 4306 manere
628 4266 683 4305 non
707 4250 837 4320 patiatur.
871 4252 913 4304 De
930 4249 1056 4304 Phliante
1072 4245 1173 4302 Baoolri
1190 4246 1248 4302 lilio
1264 4246 1314 4303 cir.
1332 4247 1403 4300 Wei-

313 4335 409 4390 ckerua
426 4351 536 4408 quoquo
559 4338 587 4392 in
605 4338 741 4396 Additam·
760 4355 787 4406 p.
806 4339 858 4394 187
877 4342 933 4392 not.
950 4339 978 4392 8.
1012 4371 1015 4378 -
1221 4368 1226 4374 -
