3044 4982
808 342 871 393 XX

272 509 336 572 ciac
357 503 561 582 sententiam,
589 524 671 588 quae
692 502 764 566 illos
787 501 974 584 praeprimis
999 505 1153 566 excellere
1176 509 1332 570 communi
1353 511 1418 573 cla·

271 613 400 676 mitabat
430 628 591 673 consensu.
642 609 742 670 Velut
769 607 997 688 Aristophanes
1025 610 1177 688 comicus,
1209 623 1330 694 quanto
1359 615 1417 678 hos

272 715 382 778 ceteris
404 711 592 796 praetulerit
614 713 777 794 omnibus,
813 733 883 774 cum
905 732 945 772 ex
966 711 1036 774 aliia
1059 717 1124 791 ejus
1147 715 1278 793 fabulis,
1308 728 1374 779 tum
1399 740 1418 778 e

270 817 366 882 Ranis
388 817 594 900 intelligitur,
615 817 648 878 in
671 815 791 900 quibus'
807 813 846 879 ad
867 814 1056 897 Sophoclem
1077 817 1196 898 primas
1217 818 1348 898 detulit,
1371 823 1420 884 al·

271 933 373 985 terum
406 923 510 984 locum
545 922 699 1004 Aeschylo
732 919 902 999 concessit,
936 919 1064 984 tertium
1095 921 1243 1003 Esrripidi
1276 924 1419 1006 reliquit.

271 1025 473 1088 Wiasowa
494 1021 656 1104 Aristoph.
675 1021 775 1084 Judic.
794 1020 832 1085 de
847 1034 928 1102 trag.
947 1044 980 1103 p.
995 1025 1035 1084 17
1050 1021 1088 1106 ¹).
1130 1023 1205 1086 Pari
1223 1024 1319 1088 modo
1336 1047 1418 1109 quo·

270 1128 330 1192 ties
351 1126 537 1190 nobilissimi
558 1125 790 1207 tragoediarum
811 1125 981 1207 scriptores
1002 1125 1036 1188 in
1057 1125 1148 1190 libris
1168 1139 1311 1192 veterum
1333 1148 1418 1192 com-

250 1242 502 1308 memorantur,
533 1230 567 1291 hi
588 1230 652 1313 ipsi
680 1231 725 1292 ita
752 1230 898 1309 conjungi
919 1230 1040 1310 solent,
1070 1241 1107 1292 ut
1128 1251 1230 1314 neque
1252 1233 1419 1296 omittatur

271 1338 437 1420 quisquam
461 1355 581 1410 eorum,
602 1353 704 1416 neque
725 1345 856 1416 quartus
878 1331 1021 1411 addatur,
1042 1333 1099 1416 qui
1125 1335 1225 1415 possit
1245 1335 1283 1398 iis
1306 1338 1417 1420 aequi·

271 1440 377 1522 parari
391 1438 431 1522 ²).
483 1437 637 1502 Addimus
657 1440 776 1517 legem,
806 1451 901 1522 quam
922 1437 1077 1518 populus,
1108 1448 1238 1516 rogante
1260 1439 1416 1522 Lycurgo,

271 1545 355 1608 tulit.
400 1541 469 1620 Qua
489 1541 604 1619 effecit,
625 1553 661 1604 ut
682 1540 803 1618 Graeci,
825 1539 949 1604 tametsi
970 1540 1110 1602 animum
1130 1551 1222 1604 antea
1244 1543 1302 1604 hoc
1323 1561 1418 1606 sensu

271 1667 335 1711 non
356 1648 448 1729 plane
471 1647 644 1710 habuerant
666 1645 838 1722 imbutum,
869 1646 945 1706 haec
965 1655 1071 1706 tamen
1093 1642 1127 1705 in
1153 1657 1332 1726 postemm,
1352 1657 1418 1710 'aut

271 1750 319 1832 bis
341 1749 455 1814 similia
477 1761 563 1812 certo
584 1747 768 1826 judicarent.
810 1745 904 1823 Quod
922 1759 1028 1810 autem
1048 1769 1089 1810 ex
1106 1769 1219 1829 magno
1239 1761 1416 1812 ceterorum

270 1873 401 1915 numero
424 1851 502 1914 duos
525 1851 713 1928 delibarunt,
735 1849 927 1930 tragoediam
949 1862 1022 1932 post
1042 1851 1190 1935 Aeschyli
1212 1865 1357 1932 mortem,
1380 1865 1417 1915 ut

271 1969 317 2019 eat
340 1957 373 2018 in
395 1953 558 2035 Aristoph.
582 1954 661 2016 Rau.
676 1956 750 2032 868,
773 1966 954 2036 corruptam
978 1955 1133 2018 censuisse
1154 1952 1314 2018 ridentur.
1353 1957 1417 2018 Per

271 2056 358 2142 quod
381 2057 533 2137 temporis
555 2057 693 2137 spatium
714 2057 763 2118 illi
791 2056 872 2136 duo,
906 2068 942 2119 ut
962 2056 1046 2120 inira
1066 2056 1250 2140 apparebitf,
1278 2059 1321 2119 ab
1347 2058 1416 2124 aliis

271 2181 335 2224 non
358 2161 449 2223 facile
474 2159 615 2240 superati
635 2169 718 2222 sunt.
770 2159 852 2224 Nam
880 2157 987 2223 laudes
1015 2159 1100 2222 lonis
1122 2179 1192 2225 cum
1215 2161 1342 2224 ubertas
1366 2163 1416 2224 in·

271 2265 385 2350 genii„
404 2264 552 2347 quoniam
574 2265 711 2346 plurima
732 2271 876 2347 palmata
899 2266 1067 2348 verbisque
1089 2264 1201 2328 solutis
1221 2286 1319 2347 opera
1339 2266 1417 2328 scri·

271 2368 345 2450 psit,
367 2379 434 2430 tum
455 2367 589 2432 maxime
610 2367 690 2432 illud
711 2366 839 2447 indicat,
860 2366 946 2451 quod
968 2369 1062 2432 multi
1082 2368 1123 2431 ad
1144 2373 1211 2446 ejus
1230 2369 1415 2431 illustratio·

271 2493 343 2534 nem
371 2490 500 2554 operam
524 2471 774 2554 applicaverunt.
817 2475 895 2536 ltens
924 2472 1008 2534 haud
1039 2472 1185 2553 exiguam
1210 2471 1327 2534 Achaei
1349 2471 1416 2534 vir·

271 2586 372 2638 tutem
400 2575 512 2651 fuisse,
541 2575 720 2638 Athenaeus
750 2596 791 2638 ao,
813 2576 972 2655 Diogenes
1000 2573 1122 2638 docent.
1174 2571 1360 2656 Quanquam
1388 2575 1416 2637 si

269 2698 377 2743 ueram
408 2686 571 2760 poetarum
601 2680 825 2760 praestantiam
856 2691 1054 2761 spectarunt,
1088 2679 1217 2741 minime
1246 2697 1353 2740 caussa
1381 2678 1415 2738 in

270 2791 421 2863 promptu
444 2791 500 2858 est,
522 2801 620 2863 quare
644 2783 838 2864 Agathonem
858 2802 923 2845 non
944 2783 1133 2863 receperint,
1156 2801 1250 2864 quem
1272 2793 1338 2844 tota
1360 2801 1416 2842 an·

270 2883 399 2965 tiquitaa
422 2884 462 2944 ob
484 2881 595 2944 miram
618 2886 722 2965 poesis
744 2883 942 2948 dulcedinem
963 2884 997 2946 in
1020 2882 1140 2946 deliciis
1159 2885 1280 2947 babuit.
1323 2883 1415 2946 ⁴Nam

271 2983 483 3067 Gruppius,
514 2985 625 3068 quiin
646 2985 778 3062 Ariadn.
800 3009 833 3069 p.
850 2989 913 3051 754
935 2987 1019 3050 hunc
1040 3005 1184 3068 quoque,
1208 2998 1245 3050 ut
1264 2986 1415 3068 reliquos,

270 3089 354 3152 inter
370 3088 622 3171 canoniapoe‘tas
642 3091 751 3169 relert,
773 3091 897 3171 egregie
915 3089 1046 3164 lallhur,
1067 3085 1331 3166 quemadmodum
1347 3105 1416 3148 sae

269 3193 340 3275 pius
363 3206 462 3274 errat,
492 3217 562 3257 cum
583 3198 683 3259 multa
703 3193 848 3258 rideatur
868 3189 1013 3268 proferre
1035 3184 1207 3264 recondita.
1249 3185 1414 3251 Necrero

269 3295 349 3359 illud
370 3309 453 3359 recte
479 3294 758 3368 Ruhnkenius,
789 3293 869 3352 hanc
895 3305 1059 3350 censuram
1078 3287 1259 3352 criticorum
1280 3289 1416 3372 scripto.

268 3398 365 3472 ribus,
389 3415 471 3478 quoa
489 3395 690 3476 recepissent,
711 3405 834 3456 tantum
854 3389 1066 3456 conciliariter
1084 3392 1290 3472 auctoritatis,
1311 3413 1414 3476 prope

269 3513 306 3565 ut
325 3498 385 3562 soli
405 3501 549 3582 rigerent
568 3512 600 3562 at
618 3494 724 3563 eludia
742 3496 907 3560 hominum
928 3507 1083 3561 tenerent
1100 3497 1207 3560 ¹⁴lllam
1228 3498 1286 3560 etsi
1307 3499 1414 3560 oculos

269 3601 433 3664 doctorum
457 3601 631 3686 praeprimi
667 3602 702 3666 in
724 3623 760 3666 ea
787 3621 883 3686 opera
909 3599 1043 3680 direxit,
1074 3621 1175 3686 neque
1199 3600 1283 3682 apud
1305 3621 1414 3665 omnes

269 3743 554 3760 W

341 3817 371 3887 1)
388 3819 554 3894 Quanquam
574 3821 618 3876 alii
632 3821 670 3876 de
685 3821 781 3877 comici
796 3819 897 3892 judicio
915 3820 992 3877 aliter
1006 3829 1155 3880 senserunt.
1191 3817 1413 3893 Barthelemy

270 3907 380 3978 Voyage
408 3908 445 3963 du
472 3911 552 3980 jaune
577 3910 737 3966 Anacharsis
767 3908 851 3983 Chap.
870 3913 914 3966 69.
958 3910 1145 3966 Stanleius
1174 3907 1356 3964 Commentar.
1383 3909 1412 3960 in

269 3993 392 4067 Aeschyl.
410 3995 463 4050 Vit.
482 4015 524 4069 ap.
542 3997 646 4054 settin.
665 3998 789 4071 Aeschyl.
807 3997 870 4052 Vol.
882 3997 917 4055 V.
937 4018 965 4070 p.
979 3999 1027 4055 lX.
1063 4019 1064 4024 ¹

340 4083 371 4151 ²)
389 4080 470 4154 Apud
489 4103 583 4140 omnes
601 4086 731 4160 populos,
751 4087 797 4160 qui
815 4087 953 4142 literarum
971 4088 1073 4160 quique
1091 4087 1188 4140 artium
1207 4082 1292 4138 studia
1309 4082 1412 4150 colunt,

268 4173 296 4226 in
316 4190 479 4245 quocunque
495 4193 589 4229 earum
608 4197 707 4250 genere
725 4178 811 4233 solent
829 4178 896 4232 adeo
914 4175 1039 4230 nonnulli
1058 4174 1200 4238 excellere,
1227 4183 1256 4225 ut
1273 4171 1307 4224 de
1326 4171 1413 4225 laudi-

267 4265 317 4316 hus
335 4279 429 4315 eorum
448 4264 538 4318 cuncti
557 4268 733 4336 consentiant,
752 4287 803 4324 nec
820 4267 867 4320 ulli
883 4285 1004 4339 unquam
1018 4261 1149 4319 dubitatio
1163 4259 1338 4332 relinquatur.
1375 4258 1411 4312 Ut

268 4351 302 4404 de
320 4349 439 4419 Homeri,
457 4353 576 4422 Pindari,
596 4354 791 4425 Demosthenis,
810 4354 984 4428 Thucydidis,
1004 4350 1105 4424 Apellis
1124 4349 1218 4404 virtute
1231 4365 1312 4402 nemo
1325 4347 1412 4419 potuit

268 4437 415 4514 quidquam
434 4440 588 4499 detrectare.
