3060 5000
787 297 864 372 300

259 477 412 544 aermonia
432 479 486 543 uel
504 497 650 543 enarrare
670 497 731 558 rea,
751 479 804 542 vel
824 477 918 542 etiam
938 475 1114 542 describere
1136 488 1301 543 curantur.
1344 481 1406 544 Aa·
1521 521 1522 546 t

260 582 391 662 cedunt,
426 603 507 666 quae
535 588 661 665 puttam
692 581 870 662 declarent,
902 579 1097 644 erationibue
1132 583 1238 645 lorum
1270 581 1406 650 deditae.
1521 615 1522 622 ¹

259 685 365 764 Quare
386 687 489 750 tenuia
514 709 550 749 ac
576 684 692 767 frigida
713 698 761 751 eet
781 687 968 768 plerumque
990 686 1083 762 bujut
1103 683 1223 764 oratio,
1255 705 1314 748 nec
1333 707 1407 752 ver·

259 792 383 870 bouem,
404 810 507 874 neque
529 789 755 854 tententiarum
775 788 923 853 distincta
942 786 1124 865 luminibus,
1145 807 1235 870 pree,
1256 790 1312 852 ubi
1329 797 1406 872 poe·-
1521 819 1522 822 ¹

261 895 340 957 tioae
361 893 462 958 indoli
482 905 597 958 ornatu
619 895 788 958 verborum
808 891 940 956 finitima
967 901 1032 968 eat,
1059 887 1258 953 artifieioaam
1280 891 1407 956 dicendi

261 996 503 1070 eollieitudiaem
524 996 678 1076 ostendit,
699 997 757 1060 u'ae
776 999 871 1060 rebua
893 993 1149 1074 conuenientem,
1169 1015 1274 1079 neque
1294 1006 1408 1060 tenore

261 1100 488 1164 sententiarum
508 1098 553 1163 ita
575 1099 787 1182 probabilem,
812 1112 865 1180 ut,
885 1120 966 1184 quae
987 1096 1135 1162 audauiue
1156 1096 1239 1160 dieta
1260 1097 1340 1178 aiut,
1368 1099 1409 1161 li·

262 1205 381 1267 tentiae
402 1213 569 1286 potiturum
590 1205 752 1284 ignoacere
772 1201 938 1285 poeeimue.
979 1203 1065 1264 llaec
1083 1200 1169 1264 enim
1190 1200 1231 1264 de
1258 1201 1329 1265 iore
1357 1223 1410 1265 er·

263 1307 380 1388 ripuit:
402 1299 440 1374 ae'
462 1306 494 1392 γ’·
509 1299 620 1391 ὀρθὸν
638 1306 694 1376 tol
716 1303 859 1384 dinotet,
878 1300 988 1390 νόμος
1007 1301 1182 1384 ταπεινός,
1203 1298 1222 1371 ὅ
1246 1297 1410 1391 ἀσθενής,

263 1414 296 1474 al
318 1405 519 1494 ἀμείνονες,
545 1406 654 1492 νόμος
676 1405 776 1492 ὁρίζει
798 1400 973 1481 ddteoluc
992 1405 1130 1491 ualere,
1155 1401 1175 1472 ὅ
1197 1399 1317 1481 delient
1337 1408 1410 1491 tpi-

263 1535 339 1588 νας,
359 1511 503 1597 βέβαιος
517 1510 644 1593 κτῆσις,
664 1508 788 1584 ἄλλους
803 1505 980 1594 uitiatur.
1022 1506 1086 1571 Sed
1101 1507 1240 1571 olibium
1259 1508 1411 1575 cadavera

263 1625 460 1677 mortuorum
483 1609 657 1695 a'epeliendi
682 1611 800 1693 partim
827 1610 978 1676 memoria
1001 1623 1143 1675 vetustae
1169 1612 1264 1692 legia,
1294 1613 1411 1694 partim

264 1735 304 1778 eo
326 1717 498 1798 probetur,
531 1713 618 1798 quod
639 1716 803 1796 eepultura
828 1715 925 1778 anitui
947 1726 1077 1778 naturae
1098 1715 1226 1778 humani
1252 1715 1412 1798 eorporis·

265 1839 327 1902 que
348 1816 521 1882 conditioni
536 1818 577 1880 ait
593 1817 729 1896 maxime
751 1836 898 1898 congrum,
918 1834 990 1880 oum
1011 1836 1114 1900 neque
1134 1821 1188 1894 itta
1203 1837 1333 1899 poenae,
1356 1819 1413 1882 be·

265 1922 413 2002 minibus,
434 1921 496 1984 niai
516 1921 549 1984 in
573 1921 640 1986 uita
661 1923 797 1984 humana
817 1939 1006 1998 couceeeum,
1028 1920 1139 1999 valeat,
1159 1941 1218 1987 ueo
1238 1920 1413 2006 quidquam

265 2029 379 2090 babeat
400 2026 560 2104 utilitatis,
590 2044 705 2106 eorpus
726 2025 867 2087 omnium
888 2043 1035 2086 aenauum
1056 2043 1170 2105 expers
1193 2021 1318 2086 afficere
1339 2043 1414 2086 eon·

266 2129 414 2194 tumeliia.
469 2128 650 2211 Descriptio
681 2129 783 2208 uitae,
815 2149 910 2212 quam
940 2125 1036 2208 primi
1065 2126 1230 2190 bominum
1260 2125 1414 2207 degerint,
1521 2121 1522 2124 ’

266 2230 501 2318 quodammodo
522 2253 592 2296 cum
613 2233 807 2314 argumentis
826 2232 972 2314 copulata
993 2240 1057 2309 eat,
1083 2231 1198 2312 pubet
1218 2232 1413 2312 aepulturam

267 2335 507 2401 commendauit.
555 2336 618 2398 Sed
639 2337 767 2400 ubinam
788 2347 837 2398 eat
857 2334 1019 2400 vinculum
1039 2332 1284 2412 tententiarum,
1312 2345 1349 2394 ut
1369 2333 1414 2396 ita

267 2439 391 2504 dicant
434 2441 519 2500 Haeo
537 2437 711 2517 eddiderat,
732 2457 797 2522 quo
816 2435 1026 2514 confirmaret,
1047 2453 1115 2498 eam
1135 2437 1235 2515 legem
1255 2441 1317 2514 jam
1337 2434 1414 2498 inde

266 2545 307 2605 ab
327 2540 552 2624 antiquieaitaia
573 2540 769 2623 temporibus
790 2540 941 2619 valuitne,
962 2559 1035 2602 nam
1056 2559 1125 2601 oum
1148 2539 1354 2603 elocutionem
1376 2561 1414 2618 „a

267 2645 379 2728 primia
402 2645 613 2726 temporibue,
639 2665 680 2706 ex
700 2663 765 2726 quo
786 2643 944 2706 mitiorem
964 2663 1090 2708 morum
1116 2653 1260 2705 naturam
1281 2642 1415 2706 induxe-

267 2749 370 2828 runt”,
394 2747 517 2831 potitiae
538 2749 636 2814 vellet
657 2746 835 2828 exprimere
857 2759 890 2810 et
909 2745 1024 2824 vitam,
1045 2745 1148 2829 qarelie
1167 2745 1230 2809 luit
1249 2745 1361 2824 initio,
1383 2759 1413 2808 et

192 2903 200 2930 ,
270 2874 339 2917 eum
361 2852 509 2934 deincepe
527 2865 642 2916 etatum
666 2849 841 2933 descripsit,
862 2849 919 2935 qui
939 2860 1050 2932 poetae
1069 2849 1227 2911 insecutus
1242 2849 1299 2910 eat.
1344 2849 1417 2911 Die·

267 2959 519 3041 ¹putatiunculam
543 2956 641 3037 igitur
662 2954 701 3018 de
723 2953 826 3036 prima
846 2953 1008 3017 bominum
1029 2971 1200 3034 rerumque
1220 2961 1355 3029 natura,
1379 2949 1417 3014 tle

271 3083 334 3146 qua
362 3074 431 3125 tum
459 3061 570 3124 Graeci
600 3061 700 3124 multe
728 3060 969 3136 fabulabantur,
1001 3053 1247 3137 eopioaieeirnam
1266 3068 1418 3122 ,amanter

270 3164 444 3230 intexendo
463 3178 591 3247 preater
609 3166 783 3228 naturalem
800 3167 976 3244 iustamque
994 3157 1189 3222 audientium
1209 3157 1417 3240 exspectatio·

271 3289 344 3332 nem
358 3269 409 3334 vel
423 3269 605 3350 interrupit,
623 3270 677 3333 uel
692 3267 785 3331 etiam
800 3263 999 3348 perturbavit
1012 3262 1099 3326 filum
1115 3259 1279 3324 orationie.
1322 3257 1415 3337 Quod

271 3386 338 3436 tam
359 3371 483 3451 judicae-
495 3371 530 3434 in
551 3391 675 3436 aeonem
694 3368 832 3450 induxit,
854 3387 975 3434 cautem
994 3367 1057 3430 rite
1078 3363 1293 3445 diiudioautee,
1322 3383 1419 3448 quam

273 3475 411 3537 aetionee
436 3475 530 3538 finxit
552 3495 588 3536 ae
614 3485 782 3556 patronoe,
813 3472 870 3556 qui
895 3472 986 3552 juatie
1014 3469 1209 3534 orationibua
1237 3489 1305 3534 rem
1330 3488 1424 3531 auam,

273 3575 438 3642 eluderent
457 3578 611 3656 obtinere,
630 3575 666 3639 id
687 3597 759 3638 uum
780 3575 843 3637 alie
859 3574 1068 3638 multa'aobie
1085 3573 1254 3650 declarent,
1272 3582 1339 3633 tum
1357 3569 1419 3634 boo

273 3679 411 3744 maximo
436 3692 483 3743 eat
502 3693 705 3762 argumento,
728 3680 804 3765 quia
823 3682 911 3743 locus
930 3677 1136 3762 reliquiarum
1159 3683 1370 3760 neqtttqtmmf
1379 3695 1420 3737 ex

274 3787 408 3868 prologo
437 3797 580 3867 sumptae
607 3799 672 3869 eat,
702 3785 757 3848 ubi
784 3783 888 3862 neseio
915 3780 993 3866 quie¹
1016 3779 1269 3844 benevolentiam
1289 3776 1419 3858 flagitat,

275 3888 420 3970 inprimie
447 3888 535 3951 illam
563 3889 741 3955 oratoribus
761 3883 965 3950 necessariam
987 3893 1019 3947 et
1043 3883 1136 3948 initio
1163 3883 1343 3949 orationum
1363 3903 1420 3945 ex·

277 4005 433 4076 optatam,
464 4013 529 4078 quo
551 3995 672 4058 facilius
692 3994 744 4057 vel
770 3998 896 4054 moveat
923 3987 1043 4051 animoa
1065 3986 1278 4068 audientium,
1309 3987 1361 4052 uel
1381 3982 1420 4048 ad

277 4097 371 4161 linem
392 4118 484 4161 auum
504 4095 666 4180 perducat.
708 4093 798 4156 Stob.
817 4114 870 4174 ap.
890 4092 1005 4156 Weuh.
1021 4091 1123 4158 serm.
1146 4095 1226 4156 tnta

447 4195 560 4286 μόνον
580 4201 624 4270 οὐ
645 4197 767 4283 θυμοῦ
787 4196 888 4287 χωρὶς
908 4195 1035 4274 deditae
1055 4194 1195 4282 λόγους,

446 4301 510 4380 οὕς
530 4327 582 4372 σοι
605 4299 743 4385 κομίζω·
765 4296 1000 4371 vivaldino
1020 4294 1087 4385 reip
1108 4291 1224 4386 ledele

449 4399 468 4472 ὅ
489 4406 609 4490 μῦθος
630 4399 756 4476 εὔνουν
779 4399 823 4474 ου’
841 4397 958 4491 μάτην
979 4397 1188 4492 λεχθήσεται.
