3076 4998
800 293 877 366 222

270 501 384 570 genera
407 476 569 558 discernit,
592 499 661 544 cum
683 477 769 542 alind
792 480 827 542 in
849 478 975 562 seriptis
995 480 1100 544 valere
1122 477 1249 558 dehent,
1267 478 1355 544 eliud
1375 480 1410 543 in

269 585 403 672 publicis
434 581 655 644 certaminibus
682 583 882 666 requiratur:
912 587 982 650 dors
1003 581 1039 650 dl
1067 582 1152 660 λέξις
1175 579 1324 666 γραφικὴ
1343 587 1413 666 μὲν

268 679 559 775 ῆιίιιριβοοτοὶση,
580 679 781 770 dyoecesim)
801 685 838 754 δὲ
860 680 882 770 ἦ
905 678 1203 768 ὑπονριιιιιιιιάιρ.
1232 676 1358 768 ταύτης
1376 685 1413 752 δὲ

271 792 334 862 δύο
356 785 437 873 sidq·
459 787 480 873 ἦ
501 791 568 872 μὲν
585 781 653 872 γοὶρ
673 780 789 870 ἠθικοὶ,
808 783 831 871 ἦ
850 785 886 853 δὲ
903 781 1093 870 παθητική.
1115 778 1167 852 ded
1189 784 1244 850 ssi
1267 789 1299 850 oi
1321 781 1413 854 ὁπο-

268 891 378 978 ιιριτιιὶ
401 884 444 956 sei
465 889 610 957 τοιαῦτα
633 888 703 954 τοῖν
728 885 910 972 δραμάτων
931 883 1103 965 διώκουσι,
1134 885 1190 950 sul
1213 889 1247 952 oi
1270 889 1412 970 ποιηταὶ

268 989 351 1070 τούς
367 991 556 1065 τοιούτους.
585 988 815 1076 domuissetis
840 991 875 1058 δὲ
896 995 929 1060 οἱ
945 986 1204 1076 dearumve-ot,
1223 987 1300 1070 sius
1319 987 1414 1056 xm-

268 1095 387 1184 ρήμων
408 1090 565 1179 (ἀκριβὴς
584 1087 660 1178 γοὶρ,
682 1087 791 1176 ὥσπερ
814 1091 1036 1178 λογογράφος)
1064 1093 1120 1160 sol
1135 1089 1330 1178 Aestimari·
1345 1092 1413 1158 suiv

269 1196 588 1284 διθυραμβοποιῶν.
634 1193 768 1270 Quinam
791 1195 889 1274 mitur
910 1209 1064 1261 uocantur
1084 1188 1348 1282 ἅναγνοοτιιοί,
1378 1194 1413 1257 in

269 1321 405 1388 quorum
427 1296 537 1362 ordine
558 1309 742 1359 numeratur
761 1296 957 1371 Chaarene?
1006 1299 1259 1362 Hermannus
1282 1296 1414 1382 quidem

268 1405 307 1468 ad
330 1402 462 1466 Aristot.
481 1401 571 1462 rou.
591 1422 624 1481 p.
640 1403 684 1463 97
706 1402 801 1462 talem
823 1402 1064 1481 explicationem
1086 1402 1254 1484 proponit:
1282 1401 1414 1478 „existi-

267 1507 365 1572 mavit
393 1523 459 1565 esse
489 1523 559 1564 eum
588 1500 810 1586 (Centaurum)
833 1501 872 1564 ad
901 1504 1083 1584 legendum,
1113 1523 1207 1588 quam
1234 1501 1275 1566 ad
1302 1525 1412 1568 scenae

268 1630 359 1674 usum
380 1605 564 1690 aptiorem”.
606 1606 716 1687 Itaque
733 1605 935 1668 Aristotelem
958 1627 1018 1670 non
1042 1607 1215 1684 consilium,
1236 1627 1340 1688 neque
1360 1629 1413 1669 ar·

195 1754 198 1763 ·
267 1727 316 1778 tes
346 1719 475 1795 poe'tue,
505 1707 560 1774 sed
593 1710 806 1791 proprietates
836 1710 981 1774 carminis
1012 1711 1199 1790 significasse
1229 1710 1412 1771 arbitretur.

267 1815 385 1880 Eadem
407 1816 474 1880 {ere
496 1816 627 1877 Vater.
647 1811 688 1875 nd
704 1813 837 1876 Aristot.
849 1815 943 1878 Rhet.
964 1834 997 1894 p.
1011 1817 1082 1876 m.
1124 1811 1186 1876 Sed
1204 1813 1413 1894 philosophus

266 1941 365 2004 opera
386 1920 420 1981 in
451 1929 550 1981 certas
579 1919 690 1980 classes
718 1916 898 1995 distribuit,
926 1915 1099 2000 eodemque
1120 1937 1157 1978 es
1176 1913 1271 1978 modo
1294 1917 1411 1996 divisit,

207 2009 212 2017 ¹
267 2044 332 2110 quo
353 2022 416 2103 ipsi
437 2018 606 2102 scriptores
627 2019 715 2086 teria
736 2019 909 2101 scripturae
930 2041 1045 2100 genera
1066 2017 1195 2082 colundo
1217 2019 1278 2080 sibi
1293 2040 1412 2101 propo-

266 2137 405 2190 suerant.
455 2123 614 2206 Loquitur
636 2143 710 2203 ergo
733 2121 772 2184 de
794 2121 916 2201 indole,
942 2144 1024 2207 quae
1044 2123 1175 2186 cmsilio
1197 2121 1312 2186 actiui
1334 2125 1411 2187 suri·

266 2227 367 2313 pteris
390 2238 421 2290 et
443 2226 554 2308 scripti
575 2226 731 2305 convenit,
751 2245 810 2288 nee
830 2245 908 2290 vero
930 2224 969 2288 de
992 2226 1031 2288 iis
1053 2225 1410 2307 proprietatibus,.quae
1517 2261 1522 2272 ·

265 2335 319 2397 uel
338 2329 488 2393 fortuitae
508 2341 598 2407 eunt,
620 2329 672 2394 vel
693 2331 788 2408 longe
809 2329 907 2392 abiis
930 2326 1099 2406 dissident,
1123 2348 1203 2410 quse
1224 2327 1258 2388 in
1281 2328 1338 2390 tali
1358 2349 1411 2407 ge-

266 2453 342 2496 nere
358 2431 548 2510 seriptorum
570 2428 687 2491 debent
701 2429 849 2492 inveniri
889 2430 943 2492 Ex
962 2450 1025 2512 quo
1042 2429 1154 2511 liquet,
1175 2429 1295 2493 [abulae
1312 2427 1409 2492 Chae·

266 2532 403 2597 remonis
424 2531 458 2590 in
480 2550 588 2592 scenae
612 2551 702 2592 usum
725 2551 782 2592 nec
809 2531 992 2613 dispositae,
1027 2552 1130 2614 neque
1153 2530 1284 2612 scriptas
1304 2530 1410 2594 luisse.

266 2634 352 2699 Vide
376 2635 573 2697 Welcker.
598 2633 733 2696 Tr.'Gr.
760 2635 870 2697 P.111.
897 2656 929 2716 p.
954 2639 1047 2699 tosa.
1096 2633 1174 2698 Inde
1201 2655 1277 2698 vero
1302 2636 1408 2696 minin

264 2752 351 2804 recte
373 2736 582 2816 dubitaveris,
613 2739 691 2820 quin
712 2740 815 2801 nullas
838 2739 966 2803 omnino
988 2740 1108 2802 lebulss
1129 2740 1163 2802 in
1185 2759 1273 2802 scena
1294 2737 1409 2800 docue-

264 2843 320 2905 rit.
362 2842 571 2920 Philosophus
592 2841 675 2903 enim
695 2850 831 2922 poetam,
853 2843 910 2925 qui
930 2845 1091 2925 uulgarem
1106 2849 1269 2924 pob'terum
1288 2862 1408 2908 morem

265 2945 449 3027 reliquerat,
470 2944 602 3006 fortasse
624 2946 723 3008 verbo
743 2945 949 3024 consignavit,
971 2946 1056 3029 quod
1082 2945 1255 3010 arcontius
1276 2966 1339 3008 non
1361 2959 1408 3010 eet

266 3045 523 3122 examinandum,
544 3049 672 3130 ejusque
695 3048 805 3129 poe‘siu
827 3050 951 3112 monuit
971 3051 1016 3112 ita
1038 3063 1247 3132 comparatam
1269 3069 1351 3126 esse,
1371 3059 1408 3109 ut

266 3151 434 3214 declamari
454 3150 584 3227 facilius,
606 3171 699 3232 quam
722 3151 772 3230 egi
793 3151 916 3214 fabulae
940 3167 1077 3233 possent,
1099 3166 1153 3216 eut
1173 3158 1322 3232 majorem
1343 3163 1407 3215 tra-

266 3252 446 3334 goediarum
469 3253 591 3334 copiam
612 3253 787 3331 intellexit,
817 3275 887 3315 cuna
908 3256 989 3316 aliae
1009 3255 1137 3338 quidem
1165 3256 1298 3333 actioni,
1328 3254 1407 3314 aliae

265 3355 392 3418 lectioni
412 3367 514 3417 essent
534 3353 795 3418 accommodatae.
846 3358 927 3421 Nam
960 3359 1194 3437 Meinekio,
1226 3358 1282 3441 qui
1305 3358 1406 3419 nullas

265 3455 487 3518 Chaeremonis
511 3457 632 3518 fabulas
659 3457 693 3519 in
720 3477 811 3520 scena
836 3479 976 3542 unquam
997 3461 1193 3542 propositas,
1224 3457 1408 3526 Histssrit·

266 3580 298 3639 p.
315 3560 378 3620 ets
400 3567 521 3633 censet,
544 3557 723 3620 irrisionem
743 3559 862 3624 Eubuli
881 3581 1026 3644 oppono,
1040 3585 1092 3624 ex
1112 3583 1174 3646 qun
1194 3561 1328 3640 cogitur,
1351 3577 1404 3618 eas

265 3659 388 3742 populo
408 3669 440 3720 et
459 3671 549 3721 notae
571 3672 603 3724 et
622 3662 657 3724 iu
679 3683 771 3725 scena
784 3666 885 3728 ¹fuisse
910 3668 1161 3730 communicatae.
1203 3667 1285 3736 Haec
1300 3670 1406 3730 autem

263 3760 545 3846 quomodocunque
565 3762 752 3845 judicantur,
774 3769 879 3850 cpicae
900 3769 1076 3832 fabularum
1098 3769 1197 3832 indoli
1219 3761 1406 3850 praeprimis

264 3864 345 3926 illud
365 3864 503 3926 studium
525 3886 575 3927 res
597 3868 690 3946 clare,
711 3871 835 3951 copiose
860 3884 1033 3953 ornateque
1055 3873 1107 3934 uel
1130 3866 1334 3944 describendi,
1356 3863 1405 3927 vel

265 3968 432 4032 enarrandi
457 3967 596 4030 studium
617 3973 781 4051 convenit,
813 3971 898 4057 quod
919 3975 952 4036 in
975 3973 1120 4054 plurimis
1141 3972 1284 4055 reliquiis
1308 3967 1406 4031 admi·

263 4091 381 4134 ramur.
423 4070 539 4134 Athen.
562 4073 644 4135 Xlll.
669 4096 702 4154 p.
723 4077 798 4137 608.
849 4077 987 4139 Persona
1014 4075 1163 4138 Centauri
1186 4087 1218 4136 et
1243 4071 1406 4134 Thersitae
1516 4140 1519 4168 ,

265 4172 401 4254 aliquem
428 4170 526 4234 risum
556 4174 707 4236 excitaret
728 4195 851 4238 necesse
872 4177 949 4258 fuit,
979 4200 1077 4261 eaque
1099 4173 1275 4242 comoediae
1296 4173 1407 4236 simili·

265 4271 362 4351 tudo,
390 4295 453 4355 qua
474 4273 591 4338 eruditi
612 4278 752 4340 homiues
773 4277 860 4356 signa
886 4293 1052 4362 corruptae
1073 4281 1150 4344 artis
1171 4277 1328 4340 declarare
1350 4295 1407 4342 vo.-

266 4373 404 4454 luerunt,
426 4395 489 4439 non
510 4375 605 4442 modo
622 4377 717 4440 metri
737 4379 949 4466 rhythmique,
971 4381 1026 4447 sed
1047 4383 1140 4446 etiam
1161 4382 1284 4462 linguae
1305 4379 1408 4444 uirtu-
