3044 4982
660 299 710 372 49

101 483 220 562 luisse,
243 499 326 566 quos
347 484 388 546 ab
409 484 466 545 illo
480 483 703 565 lexicographo
717 483 868 550 discretos
881 489 1010 567 legerat.
1055 471 1159 569 Quare
1178 517 1261 560 nuuc

101 589 202 649 verba
225 584 344 678 Suidaa
365 599 507 649 accurate
529 588 620 650 nobie
643 590 846 652 examinanda
868 605 959 668 sunt,
982 607 1152 677 propterea
1175 596 1260 679 quod

102 711 175 752 cum
203 691 320 752 ceteris
348 692 481 754 testibus
508 691 587 754 adeo
616 694 791 774 conspirat,
820 707 873 773 ut,
902 697 1067 761 imminuta
1095 705 1160 777 ejus
1189 697 1260 778 lide,

105 805 283 856 ceterorum
301 793 395 856 simul
416 809 579 858 evanescat
598 789 692 877 plane
714 798 893 860 auctoritas.
936 800 966 860 le
987 801 1085 880 igitur
1105 823 1173 864 curn
1185 804 1260 865 Phi·

103 899 229 976 loclem,
250 897 351 959 lilium
363 898 562 979 Philopitlris,
583 919 692 963 sorore
713 899 860 983 Aeschyli
883 912 1001 979 natum,
1027 899 1175 988 ποιητήν
1195 929 1260 972 κω-

103 1000 236 1087 μῳδίας
264 1013 372 1077 vocat,
400 1021 471 1063 cum
496 1015 549 1064 aut
581 1004 766 1086 scriptorem
800 1001 1028 1084 tragoediarum
1058 1006 1171 1083 luisse,
1205 1019 1259 1069 aut

104 1102 260 1164 comicum
283 1123 380 1182 genus
401 1105 445 1166 ait
467 1125 536 1166 cum
559 1107 684 1186 tragico
699 1107 904 1186 conjunxisse.
937 1107 993 1169 Est
1013 1107 1106 1168 tertia
1123 1105 1259 1191 denique

106 1206 209 1283 ratio,
238 1207 266 1269 ei
286 1207 442 1270 Philocles
464 1229 501 1270 ea
523 1208 562 1271 de
586 1230 691 1272 caussa
713 1212 774 1272 hoc
801 1231 915 1274 nomen
946 1209 1081 1290 accepit,
1117 1209 1202 1290 quod
1224 1213 1257 1273 in

105 1310 222 1372 tabulis
243 1308 435 1370 comicorum
456 1323 605 1394 tanquam
627 1323 722 1392 poe'te
742 1333 835 1396 saepe
865 1313 975 1376 irrisus
998 1313 1110 1377 fuerat.
1159 1314 1258 1394 Atqui

104 1413 163 1473 vix
184 1411 246 1475 sibi
268 1408 439 1494 quidquam
462 1411 501 1474 de
524 1412 642 1475 comico
663 1413 873 1495 persuadebit,
895 1413 952 1498 qui
971 1423 1096 1495 praeter
1109 1417 1258 1495 tragicum

104 1511 282 1592 exstiterit,
314 1514 371 1596 qui
390 1517 561 1579 Philoclem
583 1517 699 1580 viderit
721 1539 762 1579 ex
782 1518 930 1601 Aeschyli
952 1518 1069 1580 familia
1090 1519 1257 1582 oriundum

105 1617 246 1680 aSuida
267 1617 322 1678 illo
344 1618 414 1679 loco
443 1619 526 1681 inter
553 1621 686 1700 tragicos
717 1621 833 1683 diserte
863 1622 991 1700 referri,
1016 1623 1071 1682 ubi
1099 1623 1202 1684 tontes
1231 1624 1258 1686 is

105 1719 237 1780 minime
264 1718 457 1799 spernendos
491 1721 645 1802 sequitur.
702 1721 815 1804 Neque
846 1721 928 1784 idam
967 1736 1134 1805 utcumque
1160 1745 1257 1804 genus

109 1821 286 1882 fabularum
307 1821 420 1898 coluit,
442 1821 469 1883 si
490 1822 523 1884 in
545 1843 580 1884 re
600 1821 716 1902 tragica
732 1845 812 1886 unus
828 1836 970 1887 versatus
991 1835 1049 1884 est.
1082 1823 1163 1884 Nam
1179 1824 1257 1903 istie,

107 1922 166 2004 qui
189 1934 297 1984 contra
317 1920 493 2002 disputant,
515 1942 709 1988 communem
725 1922 945 2005 assiduumque
958 1921 1148 1986 Graecorum
1166 1946 1256 1987 usum

107 2044 254 2106 oppono,
294 2045 428 2108 quorum
464 2027 570 2088 nullus
610 2047 750 2108 uuquam
784 2033 880 2107 po'e‘ta
915 2023 1088 2088 comoedias
1120 2037 1152 2087 et
1192 2039 1257 2090 tra·

107 2128 234 2210 guadias
261 2127 396 2209 scripsit.
447 2127 531 2190 Vide
561 2130 684 2191 Platon.
714 2129 814 2192 Gonu.
847 2151 917 2212 pag.
938 2131 1002 2190 223
1023 2127 1061 2190 C.
1088 2128 1182 2194 Polit.
1202 2132 1257 2194 tlt.

108 2255 178 2314 pag.
201 2235 264 2296 395
288 2235 326 2295 A.
377 2231 551 2293 Meinek.
575 2231 657 2293 Hist.
680 2231 757 2294 Crit.
780 2253 850 2313 pag.
873 2235 946 2296 503.
996 2228 1067 2306 Quo
1088 2234 1256 2296 auctoritas

110 2356 218 2400 eorum
242 2334 377 2414 accedit,
395 2335 450 2419 qui
466 2335 638 2396 Philoclem
661 2336 818 2396 communi
838 2353 991 2396 consensu
1009 2329 1159 2409 tragicum
1180 2341 1256 2415 poe·-

108 2454 169 2503 tam
193 2440 318 2518 dicunt,
346 2439 464 2520 quique
487 2449 610 2501 centum
634 2439 664 2499 ei
693 2441 814 2503 fabulas
835 2439 997 2514 tribuunt,
1039 2433 1127 2498 Suid.
1156 2457 1181 2500 s.
1203 2459 1254 2500 vv.

109 2538 292 2629 Μόρσιμος
320 2545 374 2608 est
399 2541 618 2624 Meidodsoc,
652 2545 829 2627 uetustis,
850 2541 1014 2606 Ssshtlliw·
1036 2537 1077 2600 Μ]
1097 2538 1257 2620 Aristoph.

108 2649 179 2709 Pac.
200 2649 292 2723 803„
321 2646 399 2707 Ran.
424 2649 496 2724 tot,
517 2667 557 2708 ne
586 2649 685 2710 verbo
699 2647 835 2730 *quidem
867 2643 948 2707 illud
970 2653 1255 2718 commemorantes,

108 2749 193 2833 quod
213 2751 247 2811 in
271 2749 385 2812 comica
404 2751 495 2830 poesi
516 2753 706 2832 praestitisse
728 2749 895 2832 diciturl).
937 2746 1139 2812 Pervenimus
1160 2745 1257 2824 igitur

108 2851 147 2915 ad
169 2853 298 2916 tertium
321 2855 539 2937 explicationis
562 2877 677 2936 genus,
702 2855 791 2938 quod
811 2851 1049 2918 audacissimum
1076 2862 1172 2932 atque
1193 2846 1257 2928 spi-

111 2975 220 3018 nosum
244 2970 301 3020 est.
343 2959 497 3020 Permulti
516 2961 601 3021 enim
623 2967 750 3042 poetae,
770 2977 852 3039 quos
872 2977 1001 3037 operam
1025 2956 1058 3015 in
1088 2949 1256 3030 tragoediis
1306 2993 1308 3001 ι

110 3058 285 3122 scribendis
314 3061 454 3142 posuisse
490 3062 607 3142 partim
640 3060 841 3135 testimoniis,
870 3057 988 3139 partim
1020 3052 1197 3116 rationibus
1224 3061 1256 3110 st

110 3163 201 3225 certis
230 3174 262 3224 et
283 3162 459 3225 illustribus
487 3176 621 3242 constat,
648 3164 680 3224 in
705 3161 795 3222 libris
822 3156 1033 3220 recentiorum
1060 3149 1256 3233 antiquitatis

109 3279 272 3330 auctorum
294 3266 484 3349 scholiisque
507 3267 617 3330 comici
638 3266 851 3330 nominantur.
895 3261 999 3340 Atque
1021 3257 1080 3318 boc
1105 3254 1144 3316 iis
1165 3271 1255 3333 prae·

180 3538 212 3604 1)
232 3536 315 3606 Quod
339 3537 452 3592 diximus
470 3538 525 3593 boc
544 3539 622 3606 loco,
648 3539 759 3592 sortasse
785 3533 865 3589 nimis
893 3530 1006 3602 longum
1033 3526 1145 3581 ridetur.
1188 3521 1255 3576 Nam

112 3643 187 3678 error
212 3609 291 3677 nobis
318 3636 344 3677 et
368 3624 412 3680 bic
436 3638 462 3681 et
487 3617 551 3682 ¹alibi
577 3638 634 3681 erat
652 3625 864 3686 convincendus,
895 3637 976 3690 quem
1004 3616 1107 3687 primus
1133 3612 1255 3668 omnium

115 3710 308 3766 hleinelius
333 3713 361 3766 in
385 3713 451 3770 Plist.
480 3715 546 3771 Crit.
569 3715 587 3768 l.
610 3715 627 3770 l.
656 3713 773 3786 dispexit.
815 3707 988 3762 Recentiores
1014 3703 1086 3757 enim
1111 3697 1257 3754 nonnullos

115 3799 280 3854 Graecorum
299 3805 390 3873 politas
409 3804 437 3856 iu
457 3805 558 3874 tragica
578 3813 604 3858 et
627 3803 705 3858 sirum
731 3799 836 3855 comica
857 3795 929 3868 puisi
950 3793 1098 3846 elaborasse
1119 3794 1257 3858 putarunt.

113 3891 308 3946 UtGrotius
326 3904 431 3964 partem
449 3891 521 3958 libri,
540 3909 595 3964 qno
615 3891 762 3962 fragmenta
776 3885 942 3958 tragicorum
961 3891 987 3934 ct
1004 3877 1172 3934 comicorum
1190 3889 1258 3926 coo·

113 3981 246 4047 beentur,
265 3980 298 4034 de
316 3982 348 4034 iis
363 3980 512 4053 inscripsit,
532 3981 579 4053 qui
596 3992 651 4035 tam
671 3977 778 4042 comici,
797 3994 879 4046 qnam
897 3969 990 4042 tragici
1013 3967 1131 4022 fuissent.
1166 3960 1257 4058 ῼυεπι

113 4068 222 4142 plurimi
242 4069 339 4124 deinde
357 4069 443 4140 secuti
458 4079 529 4122 sunt.
563 4067 620 4122 Nec
634 4064 882 4121 Bernhardius
899 4076 996 4132 nuper,
1016 4054 1063 4116 ubi
1080 4057 1256 4143 r²0⁸¹¹¹¹⁰l5m

114 4156 278 4230 tragoediam
297 4157 331 4210 ad
350 4156 508 4226 comoediae
525 4166 648 4212 naturam
667 4155 788 4228 proxime
806 4151 944 4208 accemisse
963 4143 1039 4206 vidit,
1058 4139 1128 4192 ¹¹³³ss
1145 4151 1202 4232 '‘f''
1221 4141 1256 4184 ¹¹³

115 4245 246 4318 explicare
265 4245 408 4312 dubitarit,
426 4255 456 4298 ut
475 4249 581 4315 poiitas,
608 4231 759 4315 utrumque
772 4259 858 4313 genus
875 4235 1007 4293 colentes,
1035 4247 1065 4278 ex
1083 4241 1139 4275 1¹1¹⁰
1157 4220 1258 4274 (beelei

115 4333 291 4406 proprietates
308 4334 336 4386 in
355 4335 469 4388 alterum
488 4331 666 4398 transtulisse;
694 4327 853 4384 nominatim
880 4339 942 4375 vero
959 4312 1110 4370 Timoclem
1138 4306 1257 4381 appella·
1278 4351 1286 4358 .

118 4420 157 4474 iit.
175 4419 288 4490 Syntar.
307 4425 426 4493 pag.14.
