<?xml version="1.0" encoding="UTF-8"?>
<!DOCTYPE html PUBLIC "-//W3C//DTD XHTML 1.0 Transitional//EN"
    "http://www.w3.org/TR/xhtml1/DTD/xhtml1-transitional.dtd">
<html xmlns="http://www.w3.org/1999/xhtml" xml:lang="en" lang="en">
 <head>
  <title>
</title>
<meta http-equiv="Content-Type" content="text/html;charset=utf-8" />
  <meta name='ocr-system' content='tesseract 3.04.00' />
  <meta name='ocr-capabilities' content='ocr_page ocr_carea ocr_par ocr_line ocrx_word'/>
</head>
<body>
  <div class='ocr_page' id='page_1' title='image "./historiacritica01kaysgoog/historiacritica01kaysgoog_0310.png"; bbox 0 0 3060 5000; ppageno 0'>
   <div class='ocr_carea' id='block_1_1' title="bbox 779 359 876 446">
    <p class='ocr_par' dir='ltr' id='par_1_1' title="bbox 779 359 876 446">
     <span class='ocr_line' id='line_1_1' title="bbox 779 359 876 446; baseline 0.021 -2"><span class='ocrx_word' id='word_1_1' title='bbox 779 359 876 446; x_wconf 73' lang='lat'><strong>&#39;268</strong></span> 
     </span>
    </p>
   </div>
   <div class='ocr_carea' id='block_1_2' title="bbox 242 547 1413 4334">
    <p class='ocr_par' dir='ltr' id='par_1_2' title="bbox 483 547 1137 643">
     <span class='ocr_line' id='line_1_2' title="bbox 483 547 1137 643; baseline -0.009 -15"><span class='ocrx_word' id='word_1_2' title='bbox 483 557 542 628; x_wconf 73' lang='lat' dir='ltr'><strong>stet</strong></span> <span class='ocrx_word' id='word_1_3' title='bbox 558 547 695 637; x_wconf 70' lang='grc' dir='ltr'><strong>’ἀνάξιοι</strong></span> <span class='ocrx_word' id='word_1_4' title='bbox 714 555 775 643; x_wconf 74' lang='lat' dir='ltr'><strong>cp‘c</strong></span> <span class='ocrx_word' id='word_1_5' title='bbox 795 555 881 643; x_wconf 70' lang='grc' dir='ltr'><strong>ἐμῆς</strong></span> <span class='ocrx_word' id='word_1_6' title='bbox 900 553 1049 639; x_wconf 71' lang='lat' dir='ltr'><strong>enuptio,</strong></span> <span class='ocrx_word' id='word_1_7' title='bbox 1134 557 1137 566; x_wconf 88' lang='lat'>&#39;</span> 
     </span>
    </p>

    <p class='ocr_par' dir='ltr' id='par_1_3' title="bbox 268 651 1412 1359">
     <span class='ocr_line' id='line_1_3' title="bbox 483 651 1101 744; baseline -0.002 -17"><span class='ocrx_word' id='word_1_8' title='bbox 483 659 669 734; x_wconf 64' lang='grc' dir='ltr'><strong>Αἰτωλίδος</strong></span> <span class='ocrx_word' id='word_1_9' title='bbox 690 653 873 744; x_wconf 75' lang='grc' dir='ltr'><strong>ἀγάλματα</strong></span> <span class='ocrx_word' id='word_1_10' title='bbox 894 651 1034 740; x_wconf 69' lang='grc' dir='ltr'><em>μητρός.</em></span> <span class='ocrx_word' id='word_1_11' title='bbox 1098 689 1101 698; x_wconf 72' lang='grc'><strong><em>’</em></strong></span> 
     </span>
     <span class='ocr_line' id='line_1_4' title="bbox 272 755 1411 844; baseline -0.009 -15"><span class='ocrx_word' id='word_1_12' title='bbox 272 767 438 828; x_wconf 79' lang='lat' dir='ltr'><strong>Praeterea</strong></span> <span class='ocrx_word' id='word_1_13' title='bbox 459 762 665 828; x_wconf 81' lang='lat' dir='ltr'><strong>inveniuntur</strong></span> <span class='ocrx_word' id='word_1_14' title='bbox 685 761 808 844; x_wconf 76' lang='lat' dir='ltr'><strong>aliquot</strong></span> <span class='ocrx_word' id='word_1_15' title='bbox 826 761 979 844; x_wconf 79' lang='lat' dir='ltr'><strong>reliquiae</strong></span> <span class='ocrx_word' id='word_1_16' title='bbox 986 803 996 839; x_wconf 89' lang='lat'><strong>,</strong></span> <span class='ocrx_word' id='word_1_17' title='bbox 1024 775 1160 842; x_wconf 82' lang='lat' dir='ltr'><strong>quarunt</strong></span> <span class='ocrx_word' id='word_1_18' title='bbox 1177 755 1301 835; x_wconf 83' lang='lat' dir='ltr'><strong>sedem,</strong></span> <span class='ocrx_word' id='word_1_19' title='bbox 1327 778 1411 840; x_wconf 82' lang='lat' dir='ltr'><strong>quse</strong></span> 
     </span>
     <span class='ocr_line' id='line_1_5' title="bbox 273 860 1412 947; baseline -0.006 -17"><span class='ocrx_word' id='word_1_20' title='bbox 273 869 348 931; x_wconf 88' lang='lat' dir='ltr'><strong>olim</strong></span> <span class='ocrx_word' id='word_1_21' title='bbox 362 867 439 944; x_wconf 75' lang='lat' dir='ltr'><strong>init,</strong></span> <span class='ocrx_word' id='word_1_22' title='bbox 458 866 647 946; x_wconf 78' lang='lat' dir='ltr'><strong>ignoramus.</strong></span> <span class='ocrx_word' id='word_1_23' title='bbox 690 865 836 941; x_wconf 80' lang='lat' dir='ltr'><strong>Versum,</strong></span> <span class='ocrx_word' id='word_1_24' title='bbox 858 863 914 947; x_wconf 88' lang='lat' dir='ltr'><strong>qui</strong></span> <span class='ocrx_word' id='word_1_25' title='bbox 934 874 982 926; x_wconf 81' lang='lat' dir='ltr'><strong>est</strong></span> <span class='ocrx_word' id='word_1_26' title='bbox 1003 860 1088 946; x_wconf 72' lang='lat' dir='ltr'><strong>opud</strong></span> <span class='ocrx_word' id='word_1_27' title='bbox 1107 863 1225 924; x_wconf 85' lang='lat' dir='ltr'><strong>Anton.</strong></span> <span class='ocrx_word' id='word_1_28' title='bbox 1237 871 1270 924; x_wconf 91' lang='lat' dir='ltr'><strong>st</strong></span> <span class='ocrx_word' id='word_1_29' title='bbox 1279 861 1412 924; x_wconf 85' lang='lat' dir='ltr'><strong>Maxim.</strong></span> 
     </span>
     <span class='ocr_line' id='line_1_6' title="bbox 272 963 1412 1048; baseline -0.005 -16"><span class='ocrx_word' id='word_1_30' title='bbox 272 969 371 1036; x_wconf 83' lang='lat' dir='ltr'><strong>Serm.</strong></span> <span class='ocrx_word' id='word_1_31' title='bbox 393 971 465 1046; x_wconf 78' lang='grc'><strong>128,</strong></span> <span class='ocrx_word' id='word_1_32' title='bbox 486 968 520 1032; x_wconf 89' lang='lat' dir='ltr'><strong>in</strong></span> <span class='ocrx_word' id='word_1_33' title='bbox 542 966 772 1048; x_wconf 71' lang='lat' dir='ltr'><strong>exemplaribus</strong></span> <span class='ocrx_word' id='word_1_34' title='bbox 792 965 920 1030; x_wconf 85' lang='lat' dir='ltr'><strong>Stobnei</strong></span> <span class='ocrx_word' id='word_1_35' title='bbox 939 963 1039 1028; x_wconf 75' lang='lat' dir='ltr'><strong>serm.</strong></span> <span class='ocrx_word' id='word_1_36' title='bbox 1059 967 1120 1028; x_wconf 80' lang='grc'><strong>199</strong></span> <span class='ocrx_word' id='word_1_37' title='bbox 1138 964 1233 1028; x_wconf 85' lang='lat' dir='ltr'><strong>modo</strong></span> <span class='ocrx_word' id='word_1_38' title='bbox 1254 965 1412 1046; x_wconf 84' lang='lat' dir='ltr'><strong>Dionysii,</strong></span> 
     </span>
     <span class='ocr_line' id='line_1_7' title="bbox 268 1066 1412 1152; baseline -0.003 -18"><span class='ocrx_word' id='word_1_39' title='bbox 268 1071 365 1134; x_wconf 83' lang='lat' dir='ltr'><strong>modo</strong></span> <span class='ocrx_word' id='word_1_40' title='bbox 385 1070 545 1152; x_wconf 87' lang='lat' dir='ltr'><strong>Euripidis</strong></span> <span class='ocrx_word' id='word_1_41' title='bbox 566 1070 693 1135; x_wconf 89' lang='lat' dir='ltr'><strong>nomine</strong></span> <span class='ocrx_word' id='word_1_42' title='bbox 712 1069 853 1148; x_wconf 80' lang='lat' dir='ltr'><strong>legimus.</strong></span> <span class='ocrx_word' id='word_1_43' title='bbox 895 1068 1006 1132; x_wconf 81' lang='lat' dir='ltr'><strong>Exstat</strong></span> <span class='ocrx_word' id='word_1_44' title='bbox 1027 1066 1110 1130; x_wconf 84' lang='lat' dir='ltr'><strong>idem</strong></span> <span class='ocrx_word' id='word_1_45' title='bbox 1126 1067 1202 1132; x_wconf 85' lang='lat' dir='ltr'><strong>ibid.</strong></span> <span class='ocrx_word' id='word_1_46' title='bbox 1223 1071 1295 1130; x_wconf 86' lang='grc'><strong>139.</strong></span> <span class='ocrx_word' id='word_1_47' title='bbox 1337 1068 1412 1130; x_wconf 77' lang='lat' dir='ltr'><strong>Pari</strong></span> 
     </span>
     <span class='ocr_line' id='line_1_8' title="bbox 272 1171 1411 1256; baseline -0.004 -20"><span class='ocrx_word' id='word_1_48' title='bbox 272 1173 376 1254; x_wconf 89' lang='lat' dir='ltr'><strong>modo,</strong></span> <span class='ocrx_word' id='word_1_49' title='bbox 397 1186 549 1254; x_wconf 82' lang='lat' dir='ltr'><strong>utsupra</strong></span> <span class='ocrx_word' id='word_1_50' title='bbox 570 1173 757 1249; x_wconf 88' lang='lat' dir='ltr'><strong>monuimus,</strong></span> <span class='ocrx_word' id='word_1_51' title='bbox 780 1191 977 1256; x_wconf 71' lang='lat' dir='ltr'><strong>nequaquam</strong></span> <span class='ocrx_word' id='word_1_52' title='bbox 999 1182 1128 1248; x_wconf 75' lang='lat' dir='ltr'><strong>censue,</strong></span> <span class='ocrx_word' id='word_1_53' title='bbox 1148 1171 1274 1235; x_wconf 74' lang='lat' dir='ltr'><strong>illium</strong></span> <span class='ocrx_word' id='word_1_54' title='bbox 1295 1171 1411 1250; x_wconf 85' lang='lat' dir='ltr'><strong>princi·</strong></span> 
     </span>
     <span class='ocr_line' id='line_1_9' title="bbox 271 1271 1411 1359; baseline -0.003 -22"><span class='ocrx_word' id='word_1_55' title='bbox 271 1278 331 1359; x_wconf 87' lang='lat' dir='ltr'><strong>pis,</strong></span> <span class='ocrx_word' id='word_1_56' title='bbox 351 1299 391 1338; x_wconf 91' lang='lat' dir='ltr'><strong>an</strong></span> <span class='ocrx_word' id='word_1_57' title='bbox 408 1277 504 1340; x_wconf 89' lang='lat' dir='ltr'><strong>Siculi</strong></span> <span class='ocrx_word' id='word_1_58' title='bbox 526 1276 607 1354; x_wconf 83' lang='lat' dir='ltr'><strong>regia</strong></span> <span class='ocrx_word' id='word_1_59' title='bbox 628 1275 669 1338; x_wconf 84' lang='lat' dir='ltr'><strong>sit</strong></span> <span class='ocrx_word' id='word_1_60' title='bbox 691 1295 809 1350; x_wconf 79' lang='lat' dir='ltr'><strong>versus,</strong></span> <span class='ocrx_word' id='word_1_61' title='bbox 831 1293 926 1356; x_wconf 85' lang='lat' dir='ltr'><strong>quem</strong></span> <span class='ocrx_word' id='word_1_62' title='bbox 941 1271 1095 1337; x_wconf 85' lang='lat' dir='ltr'><strong>Stoboeus</strong></span> <span class='ocrx_word' id='word_1_63' title='bbox 1110 1271 1210 1340; x_wconf 68' lang='lat' dir='ltr'><strong>Sermr</strong></span> <span class='ocrx_word' id='word_1_64' title='bbox 1223 1277 1285 1340; x_wconf 78' lang='lat'><strong>148</strong></span> <span class='ocrx_word' id='word_1_65' title='bbox 1302 1274 1411 1335; x_wconf 81' lang='lat' dir='ltr'><strong>hebet:</strong></span> 
     </span>
    </p>

    <p class='ocr_par' dir='ltr' id='par_1_4' title="bbox 441 1368 1268 1464">
     <span class='ocr_line' id='line_1_10' title="bbox 441 1368 1268 1464; baseline -0.004 -20"><span class='ocrx_word' id='word_1_66' title='bbox 441 1372 548 1464; x_wconf 67' lang='grc' dir='ltr'><strong>ἡγὰρ</strong></span> <span class='ocrx_word' id='word_1_67' title='bbox 571 1377 730 1460; x_wconf 70' lang='grc' dir='ltr'><strong>τυραννὶς</strong></span> <span class='ocrx_word' id='word_1_68' title='bbox 752 1370 885 1452; x_wconf 70' lang='grc' dir='ltr'><strong>ἀδικίας</strong></span> <span class='ocrx_word' id='word_1_69' title='bbox 907 1368 1020 1459; x_wconf 61' lang='lat' dir='ltr'><strong>panerio</strong></span> <span class='ocrx_word' id='word_1_70' title='bbox 1040 1380 1115 1459; x_wconf 65' lang='lat' dir='ltr'><strong>toa·</strong></span> <span class='ocrx_word' id='word_1_71' title='bbox 1207 1393 1211 1401; x_wconf 86' lang='lat'><em>&#39;</em></span> <span class='ocrx_word' id='word_1_72' title='bbox 1264 1415 1268 1423; x_wconf 92' lang='lat'><em>·</em></span> 
     </span>
    </p>

    <p class='ocr_par' dir='ltr' id='par_1_5' title="bbox 242 1477 1412 2060">
     <span class='ocr_line' id='line_1_11' title="bbox 271 1477 1412 1558; baseline -0.005 -14"><span class='ocrx_word' id='word_1_73' title='bbox 271 1484 301 1544; x_wconf 87' lang='lat' dir='ltr'><strong>is</strong></span> <span class='ocrx_word' id='word_1_74' title='bbox 324 1482 406 1544; x_wconf 90' lang='lat' dir='ltr'><strong>enim</strong></span> <span class='ocrx_word' id='word_1_75' title='bbox 429 1503 498 1545; x_wconf 88' lang='lat' dir='ltr'><strong>cum</strong></span> <span class='ocrx_word' id='word_1_76' title='bbox 520 1482 553 1544; x_wconf 93' lang='lat' dir='ltr'><strong>in</strong></span> <span class='ocrx_word' id='word_1_77' title='bbox 576 1478 652 1542; x_wconf 80' lang='lat' dir='ltr'><strong>eod.</strong></span> <span class='ocrx_word' id='word_1_78' title='bbox 673 1479 704 1542; x_wconf 92' lang='lat' dir='ltr'>N</span> <span class='ocrx_word' id='word_1_79' title='bbox 723 1479 892 1544; x_wconf 73' lang='lat' dir='ltr'><strong>tribuetur</strong></span> <span class='ocrx_word' id='word_1_80' title='bbox 912 1477 1075 1558; x_wconf 82' lang='lat' dir='ltr'><strong>Euripidi,</strong></span> <span class='ocrx_word' id='word_1_81' title='bbox 1101 1479 1184 1544; x_wconf 81' lang='lat' dir='ltr'><strong>liber</strong></span> <span class='ocrx_word' id='word_1_82' title='bbox 1203 1477 1362 1543; x_wconf 86' lang='lat' dir='ltr'><strong>Parisinus</strong></span> <span class='ocrx_word' id='word_1_83' title='bbox 1384 1478 1412 1538; x_wconf 86' lang='grc' dir='ltr'><strong>Δ</strong></span> 
     </span>
     <span class='ocr_line' id='line_1_12' title="bbox 242 1581 1411 1666; baseline -0.003 -20"><span class='ocrx_word' id='word_1_84' title='bbox 242 1643 248 1656; x_wconf 69' lang='grc'><strong>,</strong></span> <span class='ocrx_word' id='word_1_85' title='bbox 271 1603 386 1646; x_wconf 88' lang='lat' dir='ltr'><strong>nomen</strong></span> <span class='ocrx_word' id='word_1_86' title='bbox 407 1584 554 1666; x_wconf 88' lang='lat' dir='ltr'><strong>Dionysii</strong></span> <span class='ocrx_word' id='word_1_87' title='bbox 573 1583 718 1646; x_wconf 80' lang='lat' dir='ltr'><strong>obtinuit.</strong></span> <span class='ocrx_word' id='word_1_88' title='bbox 759 1582 942 1664; x_wconf 75' lang='lat' dir='ltr'><strong>Sequuntur</strong></span> <span class='ocrx_word' id='word_1_89' title='bbox 963 1582 1054 1646; x_wconf 80' lang='lat' dir='ltr'><strong>illum</strong></span> <span class='ocrx_word' id='word_1_90' title='bbox 1076 1581 1297 1658; x_wconf 68' lang='lat' dir='ltr'><strong>(lascarus,</strong></span> <span class='ocrx_word' id='word_1_91' title='bbox 1319 1581 1411 1643; x_wconf 88' lang='lat' dir='ltr'><strong>Val-</strong></span> 
     </span>
     <span class='ocr_line' id='line_1_13' title="bbox 273 1685 1411 1767; baseline -0.001 -20"><span class='ocrx_word' id='word_1_92' title='bbox 273 1687 490 1748; x_wconf 71' lang='lat' dir='ltr'><strong>ckenarius</strong></span> <span class='ocrx_word' id='word_1_93' title='bbox 512 1685 552 1750; x_wconf 84' lang='lat' dir='ltr'><strong>ad</strong></span> <span class='ocrx_word' id='word_1_94' title='bbox 570 1686 679 1767; x_wconf 62' lang='lat' dir='ltr'><strong>Enrip‘.</strong></span> <span class='ocrx_word' id='word_1_95' title='bbox 696 1685 856 1749; x_wconf 83' lang='lat' dir='ltr'><strong>Phoeniss.</strong></span> <span class='ocrx_word' id='word_1_96' title='bbox 872 1687 945 1762; x_wconf 77' lang='lat'><strong>559,</strong></span> <span class='ocrx_word' id='word_1_97' title='bbox 964 1685 1229 1764; x_wconf 71' lang='lat' dir='ltr'><strong>Mnsgrnrius</strong></span> <span class='ocrx_word' id='word_1_98' title='bbox 1248 1685 1284 1748; x_wconf 89' lang='lat' dir='ltr'><strong>in</strong></span> <span class='ocrx_word' id='word_1_99' title='bbox 1299 1685 1411 1766; x_wconf 83' lang='lat' dir='ltr'><strong>Eutip.</strong></span> 
     </span>
     <span class='ocr_line' id='line_1_14' title="bbox 270 1788 1410 1869; baseline -0.004 -17"><span class='ocrx_word' id='word_1_100' title='bbox 270 1789 473 1867; x_wconf 55' lang='lat' dir='ltr'><strong>Eregmaedd,</strong></span> <span class='ocrx_word' id='word_1_101' title='bbox 503 1790 568 1852; x_wconf 82' lang='lat' dir='ltr'><strong>sits</strong></span> <span class='ocrx_word' id='word_1_102' title='bbox 596 1790 630 1852; x_wconf 89' lang='lat' dir='ltr'><strong>hi</strong></span> <span class='ocrx_word' id='word_1_103' title='bbox 654 1789 808 1869; x_wconf 77' lang='lat' dir='ltr'><strong>&#39;tragicam</strong></span> <span class='ocrx_word' id='word_1_104' title='bbox 839 1788 968 1852; x_wconf 83' lang='lat' dir='ltr'><strong>alterius</strong></span> <span class='ocrx_word' id='word_1_105' title='bbox 994 1789 1106 1868; x_wconf 73' lang='lat' dir='ltr'><strong>po&#39;e&#39;sIn</strong></span> <span class='ocrx_word' id='word_1_106' title='bbox 1132 1789 1234 1854; x_wconf 81' lang='lat' dir='ltr'><strong>minos</strong></span> <span class='ocrx_word' id='word_1_107' title='bbox 1255 1788 1410 1868; x_wconf 77' lang='lat' dir='ltr'><strong>cognitam</strong></span> 
     </span>
     <span class='ocr_line' id='line_1_15' title="bbox 271 1890 1411 1975; baseline 0 -23"><span class='ocrx_word' id='word_1_108' title='bbox 271 1891 436 1969; x_wconf 78' lang='lat' dir='ltr'><strong>lubentes,</strong></span> <span class='ocrx_word' id='word_1_109' title='bbox 467 1913 521 1954; x_wconf 91' lang='lat' dir='ltr'><strong>seu</strong></span> <span class='ocrx_word' id='word_1_110' title='bbox 554 1913 663 1960; x_wconf 80' lang='lat' dir='ltr'><strong>tersus</strong></span> <span class='ocrx_word' id='word_1_111' title='bbox 693 1891 898 1958; x_wconf 71' lang='lat' dir='ltr'><strong>similitudine</strong></span> <span class='ocrx_word' id='word_1_112' title='bbox 928 1892 1022 1972; x_wconf 80' lang='lat' dir='ltr'><strong>moti,</strong></span> <span class='ocrx_word' id='word_1_113' title='bbox 1054 1913 1149 1975; x_wconf 90' lang='lat' dir='ltr'><strong>quem</strong></span> <span class='ocrx_word' id='word_1_114' title='bbox 1178 1890 1345 1973; x_wconf 83' lang='lat' dir='ltr'><strong>Euripides</strong></span> <span class='ocrx_word' id='word_1_115' title='bbox 1377 1890 1411 1952; x_wconf 89' lang='lat' dir='ltr'><strong>iu</strong></span> 
     </span>
     <span class='ocr_line' id='line_1_16' title="bbox 271 1995 551 2060; baseline 0.014 -6"><span class='ocrx_word' id='word_1_116' title='bbox 271 1995 447 2060; x_wconf 84' lang='lat' dir='ltr'><strong>Phoenissis</strong></span> <span class='ocrx_word' id='word_1_117' title='bbox 469 1998 492 2059; x_wconf 86' lang='lat'><strong>1.</strong></span> <span class='ocrx_word' id='word_1_118' title='bbox 513 1999 551 2058; x_wconf 88' lang='lat' dir='ltr'><strong>l.:</strong></span> 
     </span>
    </p>

    <p class='ocr_par' dir='ltr' id='par_1_6' title="bbox 484 2090 1157 2185">
     <span class='ocr_line' id='line_1_17' title="bbox 484 2090 1157 2185; baseline -0.003 -18"><span class='ocrx_word' id='word_1_119' title='bbox 484 2101 519 2167; x_wconf 81' lang='lat' dir='ltr'><strong>el</strong></span> <span class='ocrx_word' id='word_1_120' title='bbox 540 2094 604 2185; x_wconf 64' lang='lat' dir='ltr'><strong>coir</strong></span> <span class='ocrx_word' id='word_1_121' title='bbox 625 2093 801 2184; x_wconf 67' lang='grc' dir='ltr'><strong>τυραννίδ’</strong></span> <span class='ocrx_word' id='word_1_122' title='bbox 816 2092 949 2168; x_wconf 74' lang='grc' dir='ltr'><strong>ἀδικίαν</strong></span> <span class='ocrx_word' id='word_1_123' title='bbox 969 2090 1157 2183; x_wconf 68' lang='grc' dir='ltr'><strong><em>εὐδαίμονα</em></strong></span> 
     </span>
    </p>

    <p class='ocr_par' dir='ltr' id='par_1_7' title="bbox 262 2226 1413 3823">
     <span class='ocr_line' id='line_1_18' title="bbox 391 2226 588 2290; baseline 0.02 -26"><span class='ocrx_word' id='word_1_124' title='bbox 391 2257 395 2264; x_wconf 95' lang='grc'>.</span> <span class='ocrx_word' id='word_1_125' title='bbox 484 2226 588 2290; x_wconf 65' lang='lat' dir='ltr'><strong>«eppo</strong></span> 
     </span>
     <span class='ocr_line' id='line_1_19' title="bbox 273 2299 1412 2386; baseline -0.004 -21"><span class='ocrx_word' id='word_1_126' title='bbox 273 2304 436 2386; x_wconf 80' lang='lat' dir='ltr'><strong>expressit.</strong></span> <span class='ocrx_word' id='word_1_127' title='bbox 481 2303 544 2366; x_wconf 85' lang='lat' dir='ltr'><strong>Sed</strong></span> <span class='ocrx_word' id='word_1_128' title='bbox 565 2302 643 2386; x_wconf 85' lang='lat' dir='ltr'><strong>qnid</strong></span> <span class='ocrx_word' id='word_1_129' title='bbox 664 2303 895 2383; x_wconf 82' lang='lat' dir='ltr'><strong>comperstiena</strong></span> <span class='ocrx_word' id='word_1_130' title='bbox 917 2301 1050 2366; x_wconf 80' lang='lat' dir='ltr'><strong>duarum</strong></span> <span class='ocrx_word' id='word_1_131' title='bbox 1069 2301 1296 2366; x_wconf 82' lang='lat' dir='ltr'><strong>sententiarum</strong></span> <span class='ocrx_word' id='word_1_132' title='bbox 1315 2299 1412 2364; x_wconf 87' lang='lat' dir='ltr'><strong>ellici·</strong></span> 
     </span>
     <span class='ocr_line' id='line_1_20' title="bbox 273 2406 1413 2487; baseline -0.004 -21"><span class='ocrx_word' id='word_1_133' title='bbox 273 2408 540 2486; x_wconf 63' lang='lat' dir='ltr'><strong>tur,1praeeertim</strong></span> <span class='ocrx_word' id='word_1_134' title='bbox 562 2427 632 2470; x_wconf 88' lang='lat' dir='ltr'><strong>cum</strong></span> <span class='ocrx_word' id='word_1_135' title='bbox 654 2407 715 2470; x_wconf 84' lang='lat' dir='ltr'><strong>alin</strong></span> <span class='ocrx_word' id='word_1_136' title='bbox 735 2408 908 2486; x_wconf 76' lang='lat' dir='ltr'><strong>fragmenta</strong></span> <span class='ocrx_word' id='word_1_137' title='bbox 929 2406 1096 2484; x_wconf 76' lang='lat' dir='ltr'><strong>declarent,</strong></span> <span class='ocrx_word' id='word_1_138' title='bbox 1116 2411 1284 2487; x_wconf 79' lang='lat' dir='ltr'><strong>tyrannum</strong></span> <span class='ocrx_word' id='word_1_139' title='bbox 1307 2420 1413 2464; x_wconf 80' lang='lat' dir='ltr'><strong>suern·</strong></span> 
     </span>
     <span class='ocr_line' id='line_1_21' title="bbox 272 2505 1412 2590; baseline 0.001 -25"><span class='ocrx_word' id='word_1_140' title='bbox 272 2509 343 2585; x_wconf 84' lang='lat' dir='ltr'><strong>plor</strong></span> <span class='ocrx_word' id='word_1_141' title='bbox 367 2510 553 2572; x_wconf 79' lang='lat' dir='ltr'><strong>nobilissimi</strong></span> <span class='ocrx_word' id='word_1_142' title='bbox 580 2517 692 2590; x_wconf 85' lang='lat' dir='ltr'><strong>po&#39;e‘tae</strong></span> <span class='ocrx_word' id='word_1_143' title='bbox 719 2509 875 2571; x_wconf 83' lang='lat' dir='ltr'><strong>imitatum</strong></span> <span class='ocrx_word' id='word_1_144' title='bbox 906 2507 994 2572; x_wconf 79' lang='lat' dir='ltr'><strong>esse?</strong></span> <span class='ocrx_word' id='word_1_145' title='bbox 1036 2509 1150 2572; x_wconf 85' lang='lat' dir='ltr'><strong>Procul</strong></span> <span class='ocrx_word' id='word_1_146' title='bbox 1166 2505 1268 2570; x_wconf 84' lang='lat' dir='ltr'><strong>dubio</strong></span> <span class='ocrx_word' id='word_1_147' title='bbox 1288 2507 1412 2568; x_wconf 84' lang='lat' dir='ltr'><strong>Plutar-</strong></span> 
     </span>
     <span class='ocr_line' id='line_1_22' title="bbox 273 2609 1413 2696; baseline -0.003 -24"><span class='ocrx_word' id='word_1_148' title='bbox 273 2613 365 2688; x_wconf 84' lang='lat' dir='ltr'><strong>chus,</strong></span> <span class='ocrx_word' id='word_1_149' title='bbox 383 2626 494 2675; x_wconf 81' lang='lat' dir='ltr'><strong>auctor</strong></span> <span class='ocrx_word' id='word_1_150' title='bbox 515 2633 579 2674; x_wconf 91' lang='lat' dir='ltr'><strong>non</strong></span> <span class='ocrx_word' id='word_1_151' title='bbox 597 2613 693 2691; x_wconf 80' lang='lat' dir='ltr'><strong>laris,</strong></span> <span class='ocrx_word' id='word_1_152' title='bbox 713 2611 808 2674; x_wconf 84' lang='lat' dir='ltr'><strong>fidem</strong></span> <span class='ocrx_word' id='word_1_153' title='bbox 827 2613 918 2692; x_wconf 81' lang='lat' dir='ltr'><strong>iacit,</strong></span> <span class='ocrx_word' id='word_1_154' title='bbox 940 2613 1011 2696; x_wconf 86' lang='lat' dir='ltr'><strong>qui,</strong></span> <span class='ocrx_word' id='word_1_155' title='bbox 1032 2615 1092 2676; x_wconf 84' lang='lat' dir='ltr'><strong>hoc</strong></span> <span class='ocrx_word' id='word_1_156' title='bbox 1112 2633 1206 2675; x_wconf 88' lang='lat' dir='ltr'><strong>versu</strong></span> <span class='ocrx_word' id='word_1_157' title='bbox 1226 2609 1413 2674; x_wconf 78' lang='lat' dir='ltr'><strong>nominatim</strong></span> 
     </span>
     <span class='ocr_line' id='line_1_23' title="bbox 272 2713 1412 2797; baseline -0.001 -25"><span class='ocrx_word' id='word_1_158' title='bbox 272 2713 426 2797; x_wconf 81' lang='lat' dir='ltr'><strong>Dionysio</strong></span> <span class='ocrx_word' id='word_1_159' title='bbox 453 2715 590 2792; x_wconf 87' lang='lat' dir='ltr'><strong>tributo,</strong></span> <span class='ocrx_word' id='word_1_160' title='bbox 622 2714 814 2778; x_wconf 85' lang='lat' dir='ltr'><strong>demonstrat</strong></span> <span class='ocrx_word' id='word_1_161' title='bbox 842 2713 880 2778; x_wconf 89' lang='lat' dir='ltr'><strong>ds</strong></span> <span class='ocrx_word' id='word_1_162' title='bbox 906 2716 1229 2792; x_wconf 63' lang='lat' dir='ltr'><strong>Fortissimus</strong></span> <span class='ocrx_word' id='word_1_163' title='bbox 1258 2724 1412 2794; x_wconf 87' lang='lat' dir='ltr'><strong>quantum</strong></span> 
     </span>
     <span class='ocr_line' id='line_1_24' title="bbox 271 2814 1412 2899; baseline 0.003 -24"><span class='ocrx_word' id='word_1_164' title='bbox 271 2814 356 2877; x_wconf 86' lang='lat' dir='ltr'><strong>inter</strong></span> <span class='ocrx_word' id='word_1_165' title='bbox 378 2819 458 2880; x_wconf 84' lang='lat' dir='ltr'><strong>sacta</strong></span> <span class='ocrx_word' id='word_1_166' title='bbox 478 2830 508 2878; x_wconf 80' lang='lat' dir='ltr'><strong>et</strong></span> <span class='ocrx_word' id='word_1_167' title='bbox 532 2817 612 2880; x_wconf 88' lang='lat' dir='ltr'><strong>dicta</strong></span> <span class='ocrx_word' id='word_1_168' title='bbox 633 2819 761 2899; x_wconf 83' lang='lat' dir='ltr'><strong>tyranni</strong></span> <span class='ocrx_word' id='word_1_169' title='bbox 784 2818 880 2879; x_wconf 74' lang='lat' dir='ltr'><strong>irretit</strong></span> <span class='ocrx_word' id='word_1_170' title='bbox 902 2816 1079 2880; x_wconf 76' lang='lat' dir='ltr'><strong>discrimen.</strong></span> <span class='ocrx_word' id='word_1_171' title='bbox 1122 2814 1228 2893; x_wconf 81' lang='lat' dir='ltr'><strong>Quare</strong></span> <span class='ocrx_word' id='word_1_172' title='bbox 1248 2835 1321 2878; x_wconf 81' lang='lat' dir='ltr'><strong>eunt</strong></span> <span class='ocrx_word' id='word_1_173' title='bbox 1343 2818 1412 2892; x_wconf 82' lang='lat' dir='ltr'><strong>jure</strong></span> 
     </span>
     <span class='ocr_line' id='line_1_25' title="bbox 273 2916 1412 3004; baseline 0.004 -26"><span class='ocrx_word' id='word_1_174' title='bbox 273 2916 459 2998; x_wconf 84' lang='lat' dir='ltr'><strong>Grotius,</strong></span> <span class='ocrx_word' id='word_1_175' title='bbox 485 2924 610 2984; x_wconf 85' lang='lat' dir='ltr'><strong>Purso</strong></span> <span class='ocrx_word' id='word_1_176' title='bbox 639 2921 756 3004; x_wconf 79' lang='lat' dir='ltr'><strong>aliique</strong></span> <span class='ocrx_word' id='word_1_177' title='bbox 783 2920 938 3002; x_wconf 82' lang='lat' dir='ltr'><strong>Dionysio</strong></span> <span class='ocrx_word' id='word_1_178' title='bbox 967 2919 1182 2998; x_wconf 79' lang='lat' dir='ltr'><strong>vindicarunt3</strong></span> <span class='ocrx_word' id='word_1_179' title='bbox 1213 2917 1254 2980; x_wconf 88' lang='lat' dir='ltr'><strong>nd</strong></span> <span class='ocrx_word' id='word_1_180' title='bbox 1281 2939 1412 3001; x_wconf 75' lang='lat' dir='ltr'><strong>sumque</strong></span> 
     </span>
     <span class='ocr_line' id='line_1_26' title="bbox 271 3021 1413 3104; baseline 0.004 -25"><span class='ocrx_word' id='word_1_181' title='bbox 271 3021 452 3100; x_wconf 81' lang='lat' dir='ltr'><strong>opinionem</strong></span> <span class='ocrx_word' id='word_1_182' title='bbox 475 3025 715 3088; x_wconf 85' lang='lat' dir='ltr'><strong>Welckerus</strong></span> <span class='ocrx_word' id='word_1_183' title='bbox 738 3046 770 3104; x_wconf 90' lang='lat' dir='ltr'><strong>p.</strong></span> <span class='ocrx_word' id='word_1_184' title='bbox 792 3027 876 3086; x_wconf 79' lang='lat'>1234</span> <span class='ocrx_word' id='word_1_185' title='bbox 904 3033 936 3086; x_wconf 85' lang='lat' dir='ltr'><strong>et</strong></span> <span class='ocrx_word' id='word_1_186' title='bbox 965 3022 1212 3086; x_wconf 74' lang='lat' dir='ltr'><strong>Iseutsohius</strong></span> <span class='ocrx_word' id='word_1_187' title='bbox 1235 3021 1413 3102; x_wconf 64' lang='lat' dir='ltr'><strong>(dorp-&#39;Pa-</strong></span> 
     </span>
     <span class='ocr_line' id='line_1_27' title="bbox 271 3124 1412 3206; baseline 0.001 -21"><span class='ocrx_word' id='word_1_188' title='bbox 271 3125 438 3203; x_wconf 79' lang='lat' dir='ltr'><strong>roenaiogr.</strong></span> <span class='ocrx_word' id='word_1_189' title='bbox 465 3126 500 3187; x_wconf 92' lang='lat' dir='ltr'><strong>P.</strong></span> <span class='ocrx_word' id='word_1_190' title='bbox 522 3127 546 3188; x_wconf 91' lang='lat' dir='ltr'><strong>l.</strong></span> <span class='ocrx_word' id='word_1_191' title='bbox 573 3147 608 3206; x_wconf 87' lang='lat' dir='ltr'><strong>p.</strong></span> <span class='ocrx_word' id='word_1_192' title='bbox 626 3126 690 3188; x_wconf 84' lang='lat'><strong>415</strong></span> <span class='ocrx_word' id='word_1_193' title='bbox 723 3137 927 3188; x_wconf 85' lang='lat' dir='ltr'><strong>accesserunt.</strong></span> <span class='ocrx_word' id='word_1_194' title='bbox 977 3124 1137 3187; x_wconf 80' lang='lat' dir='ltr'><strong>Sententia</strong></span> <span class='ocrx_word' id='word_1_195' title='bbox 1165 3143 1222 3186; x_wconf 88' lang='lat' dir='ltr'><strong>usu</strong></span> <span class='ocrx_word' id='word_1_196' title='bbox 1249 3125 1412 3188; x_wconf 83' lang='lat' dir='ltr'><strong>tritissima</strong></span> 
     </span>
     <span class='ocr_line' id='line_1_28' title="bbox 270 3225 1412 3307; baseline 0.004 -21"><span class='ocrx_word' id='word_1_197' title='bbox 270 3225 341 3297; x_wconf 82' lang='lat' dir='ltr'><strong>luit.</strong></span> <span class='ocrx_word' id='word_1_198' title='bbox 384 3226 530 3307; x_wconf 85' lang='lat' dir='ltr'><strong>Append.</strong></span> <span class='ocrx_word' id='word_1_199' title='bbox 552 3230 629 3290; x_wconf 81' lang='lat' dir='ltr'><strong>Vnt.</strong></span> <span class='ocrx_word' id='word_1_200' title='bbox 649 3230 703 3306; x_wconf 88' lang='lat'>111,</span> <span class='ocrx_word' id='word_1_201' title='bbox 724 3233 777 3290; x_wconf 85' lang='grc'><strong>99.</strong></span> <span class='ocrx_word' id='word_1_202' title='bbox 827 3228 1048 3305; x_wconf 75' lang='lat' dir='ltr'><strong>Fragmentum</strong></span> <span class='ocrx_word' id='word_1_203' title='bbox 1069 3226 1197 3290; x_wconf 84' lang='lat' dir='ltr'><strong>Stobnei</strong></span> <span class='ocrx_word' id='word_1_204' title='bbox 1217 3225 1319 3288; x_wconf 87' lang='lat' dir='ltr'><strong>Serm.</strong></span> <span class='ocrx_word' id='word_1_205' title='bbox 1335 3227 1412 3290; x_wconf 76' lang='grc'><strong>279.</strong></span> 
     </span>
     <span class='ocr_line' id='line_1_29' title="bbox 271 3326 1411 3411; baseline 0.002 -23"><span class='ocrx_word' id='word_1_206' title='bbox 271 3326 575 3399; x_wconf 78' lang='lat' dir='ltr'><strong>Vplckenerins</strong></span> <span class='ocrx_word' id='word_1_207' title='bbox 603 3330 643 3393; x_wconf 83' lang='lat' dir='ltr'><strong>ad</strong></span> <span class='ocrx_word' id='word_1_208' title='bbox 664 3331 774 3410; x_wconf 87' lang='lat' dir='ltr'><strong>Eurip.</strong></span> <span class='ocrx_word' id='word_1_209' title='bbox 795 3330 958 3392; x_wconf 78' lang='lat' dir='ltr'><strong>Phoenica.</strong></span> <span class='ocrx_word' id='word_1_210' title='bbox 978 3351 1011 3411; x_wconf 85' lang='lat' dir='ltr'><strong>p.</strong></span> <span class='ocrx_word' id='word_1_211' title='bbox 1029 3333 1094 3392; x_wconf 77' lang='grc'><strong>489</strong></span> <span class='ocrx_word' id='word_1_212' title='bbox 1115 3329 1268 3392; x_wconf 75' lang='lat' dir='ltr'><strong>correxit·</strong></span> <span class='ocrx_word' id='word_1_213' title='bbox 1318 3329 1411 3409; x_wconf 78' lang='lat' dir='ltr'><strong>Apud</strong></span> 
     </span>
     <span class='ocr_line' id='line_1_30' title="bbox 269 3426 1412 3510; baseline 0.002 -22"><span class='ocrx_word' id='word_1_214' title='bbox 269 3426 404 3490; x_wconf 83' lang='lat' dir='ltr'><strong>eundem</strong></span> <span class='ocrx_word' id='word_1_215' title='bbox 424 3430 482 3490; x_wconf 81' lang='lat' dir='ltr'><strong>Plr.</strong></span> <span class='ocrx_word' id='word_1_216' title='bbox 502 3429 607 3510; x_wconf 83' lang='lat' dir='ltr'><strong>Ecl&#39;og.</strong></span> <span class='ocrx_word' id='word_1_217' title='bbox 624 3433 647 3510; x_wconf 91' lang='lat'><strong>1,</strong></span> <span class='ocrx_word' id='word_1_218' title='bbox 664 3435 756 3508; x_wconf 84' lang='grc'><strong>4,.19</strong></span> <span class='ocrx_word' id='word_1_219' title='bbox 778 3429 841 3492; x_wconf 90' lang='lat' dir='ltr'><strong>duo</strong></span> <span class='ocrx_word' id='word_1_220' title='bbox 864 3451 974 3494; x_wconf 79' lang='lat' dir='ltr'><strong>versos</strong></span> <span class='ocrx_word' id='word_1_221' title='bbox 993 3432 1026 3492; x_wconf 90' lang='lat' dir='ltr'><strong>in</strong></span> <span class='ocrx_word' id='word_1_222' title='bbox 1048 3429 1187 3510; x_wconf 73' lang='lat' dir='ltr'><strong>margine</strong></span> <span class='ocrx_word' id='word_1_223' title='bbox 1203 3427 1324 3492; x_wconf 78' lang='lat' dir='ltr'><strong>&#39;codicis</strong></span> <span class='ocrx_word' id='word_1_224' title='bbox 1346 3431 1412 3492; x_wconf 88' lang='lat' dir='ltr'><strong>Va-</strong></span> 
     </span>
     <span class='ocr_line' id='line_1_31' title="bbox 262 3531 1411 3616; baseline 0.001 -24"><span class='ocrx_word' id='word_1_225' title='bbox 262 3531 366 3592; x_wconf 73' lang='lat' dir='ltr'><strong>ticani</strong></span> <span class='ocrx_word' id='word_1_226' title='bbox 391 3532 522 3593; x_wconf 84' lang='lat' dir='ltr'><strong>titulum</strong></span> <span class='ocrx_word' id='word_1_227' title='bbox 553 3536 740 3608; x_wconf 74' lang='grc' dir='ltr'><strong>ΔιονυσίουΙ</strong></span> <span class='ocrx_word' id='word_1_228' title='bbox 760 3536 894 3615; x_wconf 76' lang='lat' dir='ltr'><strong>hebent3</strong></span> <span class='ocrx_word' id='word_1_229' title='bbox 927 3534 1085 3616; x_wconf 86' lang='lat' dir='ltr'><strong>iidemque</strong></span> <span class='ocrx_word' id='word_1_230' title='bbox 1114 3553 1134 3595; x_wconf 92' lang='lat' dir='ltr'><strong>a</strong></span> <span class='ocrx_word' id='word_1_231' title='bbox 1164 3532 1343 3613; x_wconf 79' lang='lat' dir='ltr'><strong>Thmphtto</strong></span> <span class='ocrx_word' id='word_1_232' title='bbox 1371 3531 1411 3593; x_wconf 86' lang='lat' dir='ltr'><strong>ad</strong></span> 
     </span>
     <span class='ocr_line' id='line_1_32' title="bbox 270 3631 1411 3717; baseline 0.001 -23"><span class='ocrx_word' id='word_1_233' title='bbox 270 3633 414 3713; x_wconf 74' lang='lat' dir='ltr'><strong>Autolyc.</strong></span> <span class='ocrx_word' id='word_1_234' title='bbox 436 3657 468 3714; x_wconf 85' lang='lat' dir='ltr'><strong>p.</strong></span> <span class='ocrx_word' id='word_1_235' title='bbox 490 3637 554 3696; x_wconf 88' lang='grc'><strong>196</strong></span> <span class='ocrx_word' id='word_1_236' title='bbox 577 3633 731 3717; x_wconf 87' lang='lat' dir='ltr'><strong>Dionysio</strong></span> <span class='ocrx_word' id='word_1_237' title='bbox 755 3635 969 3699; x_wconf 74' lang='lat' dir='ltr'><strong>vindicentur.¹</strong></span> <span class='ocrx_word' id='word_1_238' title='bbox 1015 3635 1064 3698; x_wconf 78' lang='lat' dir='ltr'><strong>cn</strong></span> <span class='ocrx_word' id='word_1_239' title='bbox 1084 3636 1254 3698; x_wconf 86' lang='lat' dir='ltr'><strong>Heeren.</strong></span> <span class='ocrx_word' id='word_1_240' title='bbox 1272 3631 1313 3694; x_wconf 81' lang='lat' dir='ltr'><strong>ad</strong></span> <span class='ocrx_word' id='word_1_241' title='bbox 1333 3634 1364 3696; x_wconf 81' lang='lat' dir='ltr'><strong>ln</strong></span> <span class='ocrx_word' id='word_1_242' title='bbox 1386 3634 1411 3695; x_wconf 91' lang='lat' dir='ltr'><strong>l.</strong></span> 
     </span>
     <span class='ocr_line' id='line_1_33' title="bbox 356 3735 1412 3823; baseline 0.006 -26"><span class='ocrx_word' id='word_1_243' title='bbox 356 3737 457 3798; x_wconf 82' lang='lat' dir='ltr'><strong>Multa</strong></span> <span class='ocrx_word' id='word_1_244' title='bbox 478 3737 511 3797; x_wconf 89' lang='lat' dir='ltr'><strong>in</strong></span> <span class='ocrx_word' id='word_1_245' title='bbox 530 3737 643 3799; x_wconf 80' lang='lat' dir='ltr'><strong>fabulis</strong></span> <span class='ocrx_word' id='word_1_246' title='bbox 658 3740 805 3823; x_wconf 82' lang='lat' dir='ltr'><strong>Dionysii</strong></span> <span class='ocrx_word' id='word_1_247' title='bbox 826 3739 1063 3807; x_wconf 88' lang='lat' dir='ltr'><strong>similitudinem</strong></span> <span class='ocrx_word' id='word_1_248' title='bbox 1083 3737 1240 3822; x_wconf 81' lang='lat' dir='ltr'><strong>quandam</strong></span> <span class='ocrx_word' id='word_1_249' title='bbox 1260 3735 1412 3818; x_wconf 80' lang='lat' dir='ltr'><strong>speciem·</strong></span> 
     </span>
    </p>

    <p class='ocr_par' dir='ltr' id='par_1_8' title="bbox 257 3821 1412 4334">
     <span class='ocr_line' id='line_1_34' title="bbox 259 3821 1412 3926; baseline 0.003 -28"><span class='ocrx_word' id='word_1_250' title='bbox 259 3854 331 3918; x_wconf 82' lang='lat' dir='ltr'><strong>que</strong></span> <span class='ocrx_word' id='word_1_251' title='bbox 354 3840 511 3900; x_wconf 84' lang='lat' dir='ltr'><strong>habebant</strong></span> <span class='ocrx_word' id='word_1_252' title='bbox 536 3821 775 3919; x_wconf 75' lang='lat' dir='ltr'><strong>cdmoediannnr,</strong></span> <span class='ocrx_word' id='word_1_253' title='bbox 796 3846 912 3926; x_wconf 80' lang='lat' dir='ltr'><strong>partim</strong></span> <span class='ocrx_word' id='word_1_254' title='bbox 932 3845 1029 3921; x_wconf 81' lang='lat' dir='ltr'><strong>illata,</strong></span> <span class='ocrx_word' id='word_1_255' title='bbox 1054 3841 1139 3926; x_wconf 88' lang='lat' dir='ltr'><strong>quod</strong></span> <span class='ocrx_word' id='word_1_256' title='bbox 1160 3861 1268 3917; x_wconf 75' lang='lat' dir='ltr'><strong>rernm</strong></span> <span class='ocrx_word' id='word_1_257' title='bbox 1289 3853 1412 3920; x_wconf 82' lang='lat' dir='ltr'><strong>tragos·</strong></span> 
     </span>
     <span class='ocr_line' id='line_1_35' title="bbox 257 3938 1412 4028; baseline 0.002 -26"><span class='ocrx_word' id='word_1_258' title='bbox 257 3938 343 4002; x_wconf 72' lang='lat' dir='ltr'><strong>:dine</strong></span> <span class='ocrx_word' id='word_1_259' title='bbox 368 3941 433 4004; x_wconf 80' lang='lat' dir='ltr'><strong>vim</strong></span> <span class='ocrx_word' id='word_1_260' title='bbox 460 3941 667 4026; x_wconf 75' lang='lat' dir='ltr'><strong>rnatur&#39;amqne</strong></span> <span class='ocrx_word' id='word_1_261' title='bbox 682 3948 798 4010; x_wconf 79' lang='lat' dir='ltr'><strong>nrinus</strong></span> <span class='ocrx_word' id='word_1_262' title='bbox 827 3957 1049 4028; x_wconf 79' lang='lat' dir='ltr'><strong>perspexerat,</strong></span> <span class='ocrx_word' id='word_1_263' title='bbox 1080 3943 1196 4025; x_wconf 87' lang='lat' dir='ltr'><strong>partim</strong></span> <span class='ocrx_word' id='word_1_264' title='bbox 1217 3956 1336 4006; x_wconf 86' lang='lat' dir='ltr'><strong>temere</strong></span> <span class='ocrx_word' id='word_1_265' title='bbox 1358 3940 1412 4004; x_wconf 83' lang='lat' dir='ltr'><strong>ad·</strong></span> 
     </span>
     <span class='ocr_line' id='line_1_36' title="bbox 267 4041 1412 4129; baseline 0.003 -28"><span class='ocrx_word' id='word_1_266' title='bbox 267 4042 379 4121; x_wconf 85' lang='lat' dir='ltr'><strong>missa,</strong></span> <span class='ocrx_word' id='word_1_267' title='bbox 409 4044 715 4122; x_wconf 67' lang='lat' dir='ltr'><strong>commediocritets</strong></span> <span class='ocrx_word' id='word_1_268' title='bbox 734 4050 852 4129; x_wconf 79' lang='lat' dir='ltr'><strong>ingenii</strong></span> <span class='ocrx_word' id='word_1_269' title='bbox 872 4047 913 4110; x_wconf 86' lang='lat' dir='ltr'><strong>ad</strong></span> <span class='ocrx_word' id='word_1_270' title='bbox 935 4047 1081 4110; x_wconf 81' lang='lat' dir='ltr'><strong>scurriles</strong></span> <span class='ocrx_word' id='word_1_271' title='bbox 1103 4041 1230 4127; x_wconf 81' lang='lat' dir='ltr'><strong>lepores</strong></span> <span class='ocrx_word' id='word_1_272' title='bbox 1248 4043 1343 4108; x_wconf 79' lang='lat' dir='ltr'><strong>valde</strong></span> <span class='ocrx_word' id='word_1_273' title='bbox 1363 4063 1412 4106; x_wconf 83' lang='lat' dir='ltr'><strong>es·</strong></span> 
     </span>
     <span class='ocr_line' id='line_1_37' title="bbox 263 4149 1410 4233; baseline 0 -27"><span class='ocrx_word' id='word_1_274' title='bbox 263 4152 316 4207; x_wconf 85' lang='lat' dir='ltr'><strong>&#39;set</strong></span> <span class='ocrx_word' id='word_1_275' title='bbox 334 4165 522 4227; x_wconf 73' lang='lat' dir='ltr'><strong>propensus.</strong></span> <span class='ocrx_word' id='word_1_276' title='bbox 564 4149 646 4212; x_wconf 84' lang='lat' dir='ltr'><strong>Nam</strong></span> <span class='ocrx_word' id='word_1_277' title='bbox 671 4162 757 4212; x_wconf 86' lang='lat' dir='ltr'><strong>reete</strong></span> <span class='ocrx_word' id='word_1_278' title='bbox 783 4149 913 4233; x_wconf 88' lang='lat' dir='ltr'><strong>quidem</strong></span> <span class='ocrx_word' id='word_1_279' title='bbox 940 4161 1048 4214; x_wconf 89' lang='lat' dir='ltr'><strong>monet</strong></span> <span class='ocrx_word' id='word_1_280' title='bbox 1073 4149 1316 4224; x_wconf 83' lang='lat' dir='ltr'><strong>Elmslejus,</strong></span> <span class='ocrx_word' id='word_1_281' title='bbox 1347 4157 1410 4206; x_wconf 89' lang='lat' dir='ltr'><strong>tra·</strong></span> 
     </span>
     <span class='ocr_line' id='line_1_38' title="bbox 269 4243 1411 4334; baseline 0.003 -28"><span class='ocrx_word' id='word_1_282' title='bbox 269 4243 398 4324; x_wconf 77' lang='lat' dir='ltr'><strong>guadias</strong></span> <span class='ocrx_word' id='word_1_283' title='bbox 425 4269 482 4312; x_wconf 87' lang='lat' dir='ltr'><strong>nec</strong></span> <span class='ocrx_word' id='word_1_284' title='bbox 510 4249 682 4329; x_wconf 82' lang='lat' dir='ltr'><strong>Adonidis,</strong></span> <span class='ocrx_word' id='word_1_285' title='bbox 710 4273 813 4334; x_wconf 78' lang='lat' dir='ltr'><strong>neque</strong></span> <span class='ocrx_word' id='word_1_286' title='bbox 834 4251 937 4314; x_wconf 83' lang='lat' dir='ltr'><strong>Ledae</strong></span> <span class='ocrx_word' id='word_1_287' title='bbox 959 4263 1176 4332; x_wconf 77' lang='lat' dir='ltr'><strong>argumentum</strong></span> <span class='ocrx_word' id='word_1_288' title='bbox 1203 4251 1279 4312; x_wconf 85' lang='lat' dir='ltr'><strong>satis</strong></span> <span class='ocrx_word' id='word_1_289' title='bbox 1299 4267 1411 4311; x_wconf 87' lang='lat' dir='ltr'><strong>conve·</strong></span> 
     </span>
    </p>
   </div>
   <div class='ocr_carea' id='block_1_3' title="bbox 270 4347 1410 4538">
    <p class='ocr_par' dir='ltr' id='par_1_9' title="bbox 270 4347 1410 4538">
     <span class='ocr_line' id='line_1_39' title="bbox 270 4347 1410 4446; baseline 0.009 -41"><span class='ocrx_word' id='word_1_290' title='bbox 270 4347 368 4426; x_wconf 82' lang='lat' dir='ltr'><strong>nisse3</strong></span> <span class='ocrx_word' id='word_1_291' title='bbox 397 4349 482 4430; x_wconf 88' lang='lat' dir='ltr'><strong>quod</strong></span> <span class='ocrx_word' id='word_1_292' title='bbox 504 4351 531 4411; x_wconf 90' lang='lat' dir='ltr'><strong>si</strong></span> <span class='ocrx_word' id='word_1_293' title='bbox 545 4352 703 4430; x_wconf 72' lang='lat' dir='ltr'><strong>‘ejusmodi</strong></span> <span class='ocrx_word' id='word_1_294' title='bbox 724 4373 789 4446; x_wconf 79' lang='lat' dir='ltr'><strong>non</strong></span> <span class='ocrx_word' id='word_1_295' title='bbox 810 4354 879 4433; x_wconf 81' lang='lat' dir='ltr'><strong>luit,</strong></span> <span class='ocrx_word' id='word_1_296' title='bbox 900 4356 1102 4420; x_wconf 72' lang='lat' dir='ltr'><strong>veliementer</strong></span> <span class='ocrx_word' id='word_1_297' title='bbox 1123 4355 1310 4432; x_wconf 84' lang='lat' dir='ltr'><strong>dubitamus,</strong></span> <span class='ocrx_word' id='word_1_298' title='bbox 1332 4352 1410 4436; x_wconf 87' lang='lat' dir='ltr'><strong>quin</strong></span> 
     </span>
     <span class='ocr_line' id='line_1_40' title="bbox 271 4441 1409 4538; baseline 0.005 -30"><span class='ocrx_word' id='word_1_299' title='bbox 271 4447 337 4529; x_wconf 85' lang='lat' dir='ltr'><strong>ipse</strong></span> <span class='ocrx_word' id='word_1_300' title='bbox 360 4462 454 4532; x_wconf 72' lang='lat' dir='ltr'><strong>poeta</strong></span> <span class='ocrx_word' id='word_1_301' title='bbox 473 4465 594 4516; x_wconf 84' lang='lat' dir='ltr'><strong>tantum</strong></span> <span class='ocrx_word' id='word_1_302' title='bbox 616 4455 668 4522; x_wconf 82' lang='lat' dir='ltr'><strong>vel</strong></span> <span class='ocrx_word' id='word_1_303' title='bbox 687 4441 805 4538; x_wconf 82' lang='lat' dir='ltr'><strong>ingenii</strong></span> <span class='ocrx_word' id='word_1_304' title='bbox 825 4456 985 4537; x_wconf 83' lang='lat' dir='ltr'><strong>habuerit,</strong></span> <span class='ocrx_word' id='word_1_305' title='bbox 1013 4458 1066 4521; x_wconf 77' lang='lat' dir='ltr'><strong>tel</strong></span> <span class='ocrx_word' id='word_1_306' title='bbox 1086 4457 1179 4523; x_wconf 82' lang='lat' dir='ltr'><strong>etiem</strong></span> <span class='ocrx_word' id='word_1_307' title='bbox 1198 4454 1336 4534; x_wconf 87' lang='lat' dir='ltr'><strong>artificii,</strong></span> <span class='ocrx_word' id='word_1_308' title='bbox 1366 4466 1409 4532; x_wconf 90' lang='lat' dir='ltr'><strong>ut,</strong></span> 
     </span>
    </p>
   </div>
   <div class='ocr_carea' id='block_1_4' title="bbox 0 0 1534 5000">
    <p class='ocr_par' dir='ltr' id='par_1_10' title="bbox 0 0 1534 5000">
     <span class='ocr_line' id='line_1_41' title="bbox 0 0 1534 5000; baseline 0 0"><span class='ocrx_word' id='word_1_309' title='bbox 0 0 1534 5000; x_wconf 95' lang='lat' dir='ltr'><strong> </strong></span> 
     </span>
    </p>
   </div>
  </div>
 </body>
</html>
