3048 4998
243 285 318 362 202

243 491 317 536 cum
339 467 469 535 Baccho
493 477 547 535 aut
569 468 683 534 tradita
706 477 792 533 esset
815 477 870 534 aut
890 466 966 557 fingi
988 467 1136 556 cognatio
1166 477 1291 557 posset,
1326 466 1411 532 hoec
1509 457 1510 470 ¹

243 597 285 642 ex
312 575 514 668 popularium
541 569 676 640 heroum
698 571 815 662 mythis
846 583 1034 665 argumenta
1061 583 1229 667 repeteret
1275 573 1344 640 Sed
1367 573 1411 639 de

241 681 289 747 his
311 684 343 747 in
365 679 580 772 superioribus
605 681 740 770 exposui
761 678 926 769 prolixius,
949 703 1035 749 nunc
1049 705 1138 764 vero,
1161 692 1197 748 ut
1218 682 1328 748 statim
1343 679 1411 745 hoe

240 788 313 854 loco
336 809 388 853 me
411 787 595 878 expediam,
620 809 676 854 cur
700 783 935 876 dithyrambum
957 788 1136 856 fortasse
1165 788 1260 856 etiam
1283 784 1410 852 Anthe-

240 894 342 974 steriis
376 893 528 960 vindicari
557 915 653 983 posse
682 893 816 959 dixerim
844 893 903 958 tria
935 895 967 960 in
996 903 1147 984 promptu
1175 893 1278 960 habeo
1308 916 1409 983 argu-

239 1009 357 1066 menta.

322 1106 466 1173 Primum
489 1109 573 1174 enim
596 1108 685 1175 festis
709 1104 985 1174 Anthesteriorum
1014 1106 1126 1174 diebrrs
1158 1110 1255 1174 etium
1283 1127 1407 1196 puero-

237 1234 310 1279 rum
339 1211 446 1305 aliqua
474 1217 554 1282 ratio
585 1212 692 1280 habita
728 1221 791 1294 est,
824 1233 890 1278 non
927 1221 964 1278 ut
993 1211 1127 1304 puerilia
1154 1214 1187 1280 in
1214 1214 1253 1280 iis
1285 1213 1408 1304 gaudia

236 1315 369 1384 lususve
403 1307 577 1388 obtinuisse
612 1320 730 1398 dicam,
761 1317 820 1384 sed
847 1317 984 1386 invaluit
1014 1319 1125 1386 nescio
1162 1343 1204 1386 ex
1234 1343 1297 1410 quo
1326 1319 1407 1386 inde

238 1434 383 1515 tempore
423 1448 597 1516 pueromm
630 1423 889 1492 coronandorum
928 1425 1145 1506 consuetudo,
1183 1427 1405 1516 gratissimum

235 1532 414 1621 regenerati
436 1539 469 1598 et
491 1532 565 1597 anni
587 1541 620 1598 et
648 1506 700 1596 dei
728 1526 920 1620 symbolum.
963 1532 1163 1602 Putemusne
1186 1531 1403 1600 Athenienses

233 1638 267 1704 in
287 1636 349 1704 hac
368 1638 540 1704 festissima
563 1639 688 1706 actione
716 1634 882 1705 cantilenis
910 1639 1069 1721 caruisse,
1097 1638 1244 1730 Dionyso
1273 1637 1402 1706 sacris?
1509 1661 1510 1664 ¹

233 1742 309 1812 Non
341 1742 458 1811 hercle.
511 1741 612 1826 lmmo
646 1745 776 1811 alliusse
814 1765 989 1834 pueromm
1026 1754 1173 1813 catervas
1206 1767 1402 1836 persuasum

231 1848 352 1934 habeo,
381 1852 436 1942 qui
457 1849 596 1941 cyclium
618 1861 750 1943 agentes
774 1847 909 1918 chorum
931 1849 1169 1941 dithyrambum
1190 1853 1400 1944 auspicaren-

232 1966 300 2041 tur;
323 1979 387 2048 qua
407 1958 441 2024 in
462 1981 498 2025 re
521 1961 617 2025 etiam
639 1955 725 2024 aliud
748 1966 797 2024 est
819 1957 906 2048 quod
927 1959 1083 2049 suspicor,
1104 1955 1205 2025 Sileni
1223 1979 1399 2049 personam

232 2063 415 2154 florigeram
436 2065 468 2130 in
490 2063 539 2132 his
560 2066 637 2156 ipsis
660 2063 764 2131 choris
787 2062 1008 2156 paedagogico
1040 2065 1131 2156 quasi
1157 2065 1240 2131 inter
1261 2065 1397 2154 Satyros

233 2167 337 2238 officio
359 2170 503 2239 functam
519 2194 599 2238 esse.
643 2171 729 2239 Nam
744 2169 832 2238 nullo
848 2169 945 2236 modo
960 2171 1162 2261 persuadere
1171 2169 1249 2237 mihi
1262 2193 1400 2263 possum

233 2275 379 2345 Silenum
406 2265 440 2344 iri
461 2277 630 2346 Buechicis
657 2275 912 2344 solemnitatibus
938 2277 1085 2344 omnibus
1112 2277 1262 2344 indutum
1288 2278 1401 2360 fuisse,
1509 2351 1510 2380 ,

232 2393 268 2450 ut
294 2385 415 2462 lerunt,
446 2388 639 2452 vestimento
663 2383 737 2468 illo,
769 2393 836 2451 toto
866 2405 908 2452 ex
937 2383 1069 2450 floribus
1100 2389 1327 2470 contextoss).
1358 2387 1398 2453 cf.

231 2489 349 2556 Meurs.
366 2489 462 2556 Orch.
476 2513 507 2580 p.
521 2493 571 2557 77.
595 2489 733 2557 Casaub.
750 2491 786 2557 P.
803 2491 837 2558 S.
854 2513 883 2580 p.
899 2487 1090 2558 lornant.

317 2594 463 2662 Alterum
486 2605 710 2686 argumentum
739 2619 782 2664 cx
811 2596 930 2686 chytris
956 2606 1085 2688 repeto,
1116 2599 1150 2664 in
1177 2597 1293 2690 quibus
1321 2621 1400 2667 cum
1509 2597 1510 2612 ¹

231 2704 329 2769 moris
352 2711 447 2783 esset,
468 2702 615 2769 manibus
637 2712 838 2770 mortuomm
861 2711 894 2769 et
908 2701 1065 2770 chthoniis
1080 2703 1274 2786 numinibus,
1297 2707 1400 2772 secri-

231 2806 338 2876 licium
359 2809 393 2875 in
413 2807 485 2876 ollis
507 2811 645 2876 mixtum
666 2807 862 2894 libandin),
891 2810 953 2878 hac
981 2813 1151 2878 occasione
1180 2811 1301 2877 dictum
1325 2835 1400 2880 esse

232 2913 392 3001 Timothei
414 2917 629 3008 fragmentum
651 2925 730 3007 puto
754 2916 793 2984 ab
817 2915 1043 2984 hnaxerrdride
1057 2917 1213 2986 Athenaei
1226 2917 1271 3000 X,
1287 2941 1318 3009 p.
1331 2919 1401 2986 454

230 3023 267 3091 ir.
289 3021 374 3091 salse
397 3023 551 3090 derisum:

294 3117 415 3216 dovitae
435 3125 658 3218 διηρτάμηκεν
679 3133 737 3196 και
759 3129 883 3216 τὰμὲν
905 3131 1041 3210 διανεκῆ
1094 3155 1096 3159 ·

294 3233 457 3326 Σώματος
478 3241 561 3326 μέρη
584 3234 744 3325 δαμάζετ’
766 3239 802 3303 ἐν
824 3237 1045 3327 πυρικτίτοισι
1065 3235 1128 3327 γᾶς

195 3382 196 3386 =
297 3341 467 3429 Τιμόθεος
489 3343 553 3434 ἔφη
576 3341 666 3423 πότ’,
692 3341 821 3432 ἄνδρες,
844 3345 905 3425 τὴν
923 3342 1059 3432 χύτραν,
1082 3331 1186 3432 οἶμαι,
1214 3346 1330 3430 λέγων.

315 3450 459 3518 Tertiam
480 3452 619 3544 denique
639 3450 724 3519 hanc
744 3454 903 3520 rationem
921 3475 1046 3545 promo,
1069 3452 1157 3542 quod
1178 3475 1253 3520 cum
1267 3453 1397 3543 Hyme-

230 3555 304 3624 naei
322 3577 387 3621 non
409 3565 535 3623 tantum
557 3558 660 3626 obiter
675 3560 795 3626 mentio
818 3557 873 3625 liat
893 3560 926 3624 in
949 3558 1155 3650 dithyrambis
1179 3561 1245 3644 (cfr.
1262 3557 1397 3650 Licym-

228 3664 301 3732 nius
320 3661 442 3730 ·Athen.
469 3687 500 3755 p.
524 3663 599 3748 603)
633 3664 692 3730 sed
720 3664 866 3732 Telestes
886 3665 992 3732 etiam
1019 3675 1123 3733 totum
1156 3665 1396 3756 dithyrambmn

229 3772 292 3839 hoc
313 3769 404 3838 titulo
424 3771 637 3860 insigniverit,
664 3770 727 3838 hoc
750 3757 976 3862 argumentum
998 3774 1160 3864 aptissime
1183 3774 1283 3839 sacris
1307 3777 1395 3865 ejus-

230 3879 304 3948 dem
325 3879 398 3944 festi
418 3875 582 3945 cantilenis
606 3879 792 3946 convenerit
813 3900 948 3946 necesse
970 3888 1027 3961 est,
1048 3880 1082 3946 in
1104 3900 1168 3970 quo
1190 3901 1251 3970 per
1269 3889 1394 3948 matro-

227 4007 287 4053 nas
308 3983 463 4053 sacrificio
484 3984 699 4076 precibusque
719 3985 778 4052 rite
800 3987 952 4076 peractis,
980 3987 1101 4076 regina,
1124 3984 1285 4054 archontis
1306 3987 1393 4076 regis

265 4234 651 4314 nmmummm

266 4321 302 4388 98)
320 4321 489 4389 Theopomp.
508 4321 597 4375 Schol.
616 4322 661 4374 Ar.
680 4320 746 4374 Ach.
772 4323 832 4376 965.
853 4323 931 4378 1075.
