3044 4982
809 284 859 357 36

267 501 297 559 p.
318 481 360 540 89
388 474 561 554 dubitavit,
598 475 737 538 solamne
771 471 934 534 lectionem
970 470 1175 552 intelligeret,
1212 495 1252 536 an
1287 487 1413 538 cautum

266 579 510 662 circumderunt,
532 565 586 640 sed
607 587 782 639 securatam
804 573 1061 638 declamationem
1082 577 1274 656 scriptorum
1294 579 1415 662 signifi.

268 700 326 764 cat,
346 687 412 748 sive
433 682 615 761 carminum,
636 682 702 746 sits
724 681 854 744 aliarum
878 680 1060 756 literarum,
1082 701 1162 762 quae
1184 683 1326 746 versibus
1348 705 1415 748 non

268 805 339 854 suot
361 790 536 853 adstrictae.
587 787 674 865 Quas
696 809 766 850 cum
788 788 831 851 ita
851 788 925 865 sint,
949 787 1136 848 uocabulum
1159 786 1192 850 in
1214 789 1414 850 histrioniam

267 906 367 956 artem
388 894 477 956 facile
499 890 665 954 transferri
684 903 829 972 poterat,
860 911 930 951 curn
957 890 1080 951 fabulae
1110 889 1289 971 principum
1314 892 1414 954 nimio

267 998 397 1060 liberius
418 997 468 1075 agi
488 995 662 1058 desiissent.
704 996 809 1078 Atque
833 995 867 1056 in
891 1015 927 1055 ea
944 993 1062 1056 decreti
1084 1005 1183 1076 parte,
1206 1015 1287 1076 quae
1308 996 1415 1076 periit,

268 1123 302 1164 rs
329 1123 403 1166 vera
431 1101 462 1163 id
492 1101 536 1162 ita
560 1113 745 1182 usurpatum
779 1121 862 1177 esse,
896 1102 994 1162 altera
1028 1119 1094 1160 vox
1125 1096 1414 1183 παραγιγνοίονιιν

268 1208 385 1287 optime
400 1205 501 1267 docet.
544 1205 633 1266 Hanc
648 1204 731 1266 enim
745 1217 853 1268 contra
872 1201 1155 1265 Heinricbium
1177 1204 1231 1265 l.l.
1253 1215 1286 1264 et
1300 1201 1415 1264 Stan-

267 1311 388 1388 lejuur
421 1309 595 1371 Commeat.
626 1309 659 1370 in
687 1309 757 1371 Vit.
786 1311 897 1372 Aescb.
919 1331 970 1389 ap.
990 1304 1118 1369 Sehiitz.
1139 1307 1215 1368 Vol.
1238 1307 1279 1368 V.
1308 1328 1341 1386 p.
1357 1307 1414 1368 Xl.

268 1414 459 1491 obtinemus,
491 1433 561 1474 cum
591 1412 644 1472 ille
668 1409 957 1497 παραγιγνώσνειν
987 1410 1115 1484 scribat,
1147 1408 1198 1468 hic
1219 1406 1414 1493 παραγινώ-

268 1539 370 1582 ονειν.
415 1515 488 1578 Fuit
502 1533 578 1578 vero
596 1515 679 1576 inter
694 1514 749 1575 has
771 1512 847 1576 duas
868 1532 961 1576 uoces
984 1506 1247 1598 ἀναγιγνώσκειν
1269 1522 1302 1572 et
1323 1535 1414 1595 παρ-

269 1616 532 1705 αναγιγνώσκειν
564 1619 769 1682 arctissimum
805 1619 986 1694 vinculum,
1021 1627 1057 1676 ut
1087 1616 1186 1676 altera
1214 1613 1253 1676 ad
1280 1616 1412 1676 alteram

268 1722 443 1786 necessario
464 1723 647 1786 referretur.
690 1723 771 1784 Nom
793 1744 863 1785 cum
885 1721 948 1783 duo
968 1721 1120 1783 baberent
1138 1717 1201 1780 duo
1222 1716 1413 1798 exemplaria

268 1825 405 1903 eiusdem
429 1827 514 1906 libri,
537 1847 673 1911 quorum
696 1846 897 1902 consensum,
920 1826 969 1887 vel
994 1823 1206 1886 diversitatem
1228 1839 1414 1900 cognoscere

268 1932 396 2009 vellent,
418 1951 499 1994 unus
521 1933 725 2014 archetypum
749 1933 844 1994 tacito
866 1932 972 2009 legens
996 1919 1346 2012 παραναγιγνώσιειν,
1367 1923 1413 1982 al-

269 2046 318 2094 ter
338 2052 432 2108 vero,
460 2033 516 2114 qui
538 2036 620 2094 clara
638 2053 714 2095 voce
738 2027 939 2116 ἀπόγραφον
960 2031 1128 2107 recitabat,
1151 2022 1413 2112 ἀναγιγνώσκειν

270 2132 440 2195 dicebatur.
483 2132 550 2193 Nec
571 2134 664 2194 aliter
684 2152 775 2211 unus,
797 2132 966 2196 dummodo
986 2131 1049 2195 duo
1071 2141 1267 2212 compararet
1288 2129 1414 2210 scripta,

270 2249 302 2300 et
330 2226 593 2320 ἀναγιγνώσκειν
615 2248 646 2298 et
670 2232 1004 2320 παραναγιγνώοκειν
1032 2247 1167 2318 poterat.
1221 2231 1293 2310 Ouo
1321 2253 1413 2294 sensu

269 2338 496 2403 Lobeckius
518 2336 557 2398 ad
578 2339 748 2422 Phrynich.
770 2342 900 2422 puts:
920 2342 1142 2424 ,dirempturum
1164 2338 1287 2421 inquit,
1307 2344 1414 2420 σσοίγια

270 2463 481 2521 recognoscere,
510 2454 596 2526 atque
624 2451 695 2508 inter
721 2469 754 2544 ορ
778 2446 904 2527 conferre
925 2439 1260 2530 παραναγιγνώσιιειν
1284 2441 1415 2504 διὀίσιι.”

270 2545 355 2610 Vide
376 2545 470 2607 etiam
493 2545 655 2627 Taylor.
684 2547 767 2629 apud
789 2549 968 2610 Harless.
990 2545 1029 2608 ad
1053 2547 1214 2610 Demosth.
1236 2544 1275 2606 de
1298 2544 1412 2605 Ceron.

270 2650 359 2730 par
374 2669 444 2730 sqq.
489 2643 584 2724 Cujus
606 2651 727 2729 generis
752 2651 1012 2714 exorationibus
1034 2651 1185 2712 nonnulla
1213 2648 1320 2710 afferri
1340 2667 1414 2728 pos·

271 2764 354 2813 sunt.
397 2751 565 2812 Aeschines
588 2749 626 2814 de
645 2753 726 2816 Fals.
746 2751 832 2818 Oret.
854 2777 886 2835 p.
900 2757 961 2816 t88
980 2752 1045 2838 (ed.
1058 2750 1189 2835 Taueh.)
1209 2751 1275 2814 duo
1296 2750 1414 2830 scripta

271 2852 390 2931 laudat3
413 2873 510 2913 umun
532 2854 650 2916 scribae
671 2855 838 2936 legendum
863 2856 964 2934 dedit;
985 2856 1113 2918 alterius
1137 2874 1229 2933 vero,
1249 2853 1323 2915 dum
1344 2854 1412 2934 ipse

165 2957 174 2972 “
272 2977 422 3019 summam
441 2958 627 3038 promulgat,
648 2962 809 3042 exemplar
822 2959 923 3023 scriba
939 2959 1080 3022 manibus
1097 2970 1193 3020 tenet.
1234 2958 1306 3022 Ait:
1328 2951 1414 3024 ἀνώ-

270 3068 381 3147 γνιοδι
403 3058 445 3146 δὴ
472 3086 534 3144 μοι
561 3055 600 3129 ad
621 3063 688 3130 τών
708 3063 873 3151 συνέδρων
902 3054 1026 3149 δόγμα.
1063 3059 1196 3145 »δόγμα
1218 3057 1414 3142 σανίδριον.”

272 3163 520 3248 παρανάγνωθι
544 3158 583 3248 δὴ
605 3187 667 3246 μοι
689 3158 728 3231 ed
757 3165 819 3232 τοῦ
840 3165 1086 3248 Δημοσθένους
1107 3159 1279 3252 ψήφισμα.
1327 3161 1414 3225 Idem

271 3290 304 3349 p.
321 3271 393 3345 133,
414 3269 513 3331 literis
535 3269 672 3329 Proxeni
691 3269 847 3343 recitatis,
867 3290 949 3350 quae
972 3290 1058 3331 suam
1080 3268 1235 3350 temporis
1251 3266 1415 3330 confirma·

271 3380 343 3430 rent
367 3367 599 3431 definitionem:
631 3361 784 3448 ἀκούετο,
805 3361 830 3435 ἀ
850 3365 1044 3456 Ἀθηναῖοι,
1065 3375 1132 3438 τών
1151 3366 1280 3458 χρόνων
1301 3393 1416 3455 παρα-

272 3467 593 3554 ναγιγνωσκομίνων
613 3475 648 3537 ἐν
670 3473 738 3540 τών
763 3472 932 3557 δημοσίαν
956 3473 1180 3559 γραμμάτων.
1221 3471 1317 3536 Aliud
1343 3494 1415 3556 spe·

274 3570 374 3632 riman
395 3569 465 3634 adv.
487 3569 626 3655 ctesiph.
645 3597 677 3656 p.
690 3579 764 3639 214.
805 3575 871 3640 Ubi
893 3576 996 3655 etiam,
1018 3595 1082 3659 quo
1104 3589 1321 3656 argumentum
1343 3601 1416 3642 πα·

274 3672 442 3758 ρανσμίαρ
468 3676 627 3755 proferat,
656 3699 725 3740 eum
756 3699 841 3744 noro
868 3679 994 3743 decreto
1024 3683 1108 3759 leges
1142 3680 1278 3744 conferri
1309 3681 1417 3757 jubet:

271 3770 488 3862 ὑπομνήσατ’
520 3773 627 3846 ariade
659 3777 742 3850 ἀνευ
765 3775 926 3869 θορύβου
954 3778 993 3851 ad
1026 3784 1183 3852 σανίδιον
1212 3785 1330 3868 λαβεῖν
1362 3784 1417 3849 ναί

273 3871 354 3954 amic
376 3873 505 3960 νόμους
527 3880 573 3965 τῷ
594 3882 790 3970 ψηφίσμασι
812 3888 1088 3971 παραναγνῶναι.
1141 3885 1216 3948 Pari
1236 3883 1329 3947 modo
1352 3885 1417 3945 De-

272 3983 450 4046 mosthenes
466 3983 672 4048 Timocratem
694 3988 913 4071 πάρανσμίας
934 3988 1061 4049 erimine
1078 4001 1255 4052 accusatum
1272 3986 1320 4049 nil
1339 3985 1416 4048 dicit

274 4103 383 4148 eorum
404 4087 521 4166 iecisse,
542 4109 622 4170 quae
644 4087 813 4170 unicuique
836 4090 913 4150 bene
936 4090 1087 4154 remanda
1105 4091 1177 4168 sint,
1198 4113 1237 4152 ne
1260 4110 1342 4152 nova
1362 4091 1417 4151 lex

273 4187 312 4250 ab
335 4188 486 4252 institutis
508 4191 631 4272 pridem
652 4191 777 4252 sancitis
800 4189 969 4254 dissentiat.
990 4195 1027 4256 T.
1036 4196 1088 4256 lll.
1103 4216 1136 4274 p.
1147 4197 1201 4256 99.
1218 4192 1269 4255 ed.
1283 4194 1419 4255 Tmen:

274 4289 328 4354 ιιαί
349 4280 460 4371 νόμον
482 4288 672 4376 ιίοὴνιγκον
695 4286 877 4370 ἀπαίσιον,
909 4291 1041 4364 ἀπασιν
1060 4297 1239 4374 ἐναντίον,
1267 4290 1311 4370 oie
1331 4301 1417 4371 ἔπος

274 4387 615 4474 arnsteinensem,
637 4384 680 4462 ου’
701 4391 956 4478 παραναγνούς,
976 4394 1019 4467 ori
1041 4389 1170 4477 iduor,
1193 4393 1235 4468 ου’
1257 4393 1337 4472 δαίς
1358 4403 1416 4465 αἵ·
