3076 4998
801 338 878 413 240

265 533 377 616 Neque
402 528 647 612 cephisodorus,
669 527 796 590 auditor
815 527 968 606 Isocratis,
989 529 1007 590 J
1013 547 1092 592 ons.
1113 527 1230 607 Soript.
1253 525 1337 588 Hist.
1357 526 1417 588 Ph.

264 636 288 718 l,
312 627 363 715 ts',
390 640 417 711 l,
449 657 518 696 cuin
545 633 693 696 liberiora
722 633 804 694 dicta
834 645 949 714 po'e'tae
976 633 1154 712 colligeret,
1187 631 1265 691 haec
1287 630 1417 691 silentio

266 739 439 822 praeterire
467 738 583 819 potuit.
625 737 741 798 Athen.
760 738 812 798 lll.
833 757 866 817 p.
887 739 963 798 122.
1011 737 1121 817 ltaque
1150 753 1186 794 ea
1214 733 1299 796 ratio
1328 747 1419 796 vete·

267 864 353 919 rum,
375 841 431 923 qui
452 841 552 904 larius
573 840 744 920 impietatis
764 838 913 900 indicium
936 839 1140 900 multilariam
1160 848 1419 912 commemorant,
1457 891 1460 898 .

266 945 393 1025 gravius
415 945 574 1018 omittunt,
596 943 651 1005 vix
672 943 790 1023 poterit
813 944 973 1024 explicari,
994 943 1055 1005 nisi
1075 963 1185 1006 versus
1204 941 1334 1023 Sisyphi
1353 941 1420 1001 cui·

267 1050 353 1130 piam
375 1048 429 1110 alii
450 1048 525 1108 olim
548 1047 646 1126 magis
667 1067 834 1125 sumemus,
859 1068 954 1130 quam
976 1045 1123 1128 Euripidi
1143 1065 1209 1106 esse
1230 1043 1419 1124 adscriptos.

268 1155 368 1218 Porro
398 1152 553 1234 Sisyphus
582 1149 743 1231 Euripidis
770 1151 905 1232 satyrica
936 1151 1041 1212 fabula
1070 1150 1140 1211 fuit.
1187 1132 1310 1210 helian.
1339 1149 1420 1208 Ver.

268 1258 350 1320 llist.
370 1255 408 1334 ll,
431 1257 461 1317 8.
506 1253 701 1316 Valcken.
720 1253 856 1321 Diatrib.
878 1259 976 1334 pta,
998 1257 1072 1330 218,
1093 1253 1209 1315 Baoh.
1231 1254 1254 1313 l.
1270 1254 1292 1313 l.
1314 1275 1348 1333 p.
1365 1255 1418 1314 72.

267 1363 302 1422 lu
336 1377 401 1442 quo
432 1379 545 1436 genere
579 1375 648 1416 cum
681 1357 842 1435 leporibus
874 1377 909 1418 ac
943 1357 1064 1418 facetiis
1093 1355 1264 1418 delectaret
1295 1356 1418 1417 animos

271 1474 499 1544 spectatorum,
529 1460 753 1537 fragmentum,
788 1457 874 1542 qnod
901 1471 948 1522 est
962 1458 1052 1540 apud
1073 1457 1222 1538 Sextum,
1255 1481 1417 1542 nunquam

268 1567 372 1626 locunt
392 1563 537 1624 habuisse
554 1575 671 1644 potest.
711 1563 793 1624 Nam
814 1563 880 1625 sive
899 1583 949 1624 res
971 1549 1139 1644 spectatur,
1160 1573 1256 1644 poeta
1273 1562 1314 1624 de
1334 1561 1418 1626 suns·

269 1668 329 1729 mis
358 1685 393 1727 as
423 1665 613 1746 gravissimis
642 1667 737 1728 rebu's
766 1664 908 1744 disserit,
936 1666 1089 1747 originem
1110 1687 1146 1728 ac
1167 1667 1232 1730 eim
1254 1667 1417 1746 religionis

271 1770 441 1851 explicans,
457 1768 531 1832 -sive
556 1767 657 1830 oratio
681 1767 907 1848 consideratur,
929 1782 1065 1848 acutum,
1091 1790 1236 1835 severum
1258 1790 1417 1852 graveque

271 1871 396 1935 dicendi
418 1893 515 1952 genus
535 1871 672 1950 adhibet,
694 1873 788 1955 quale
808 1871 933 1951 tragicis
952 1873 1014 1933 luit
1035 1873 1197 1935 usitatum.
1238 1875 1341 1934 Porro
1356 1872 1417 1932 Eu·

270 1975 406 2057 ripides,
439 1976 562 2036 tametsi
590 1976 734 2038 homines
761 1974 802 2037 ad
830 1976 965 2056 speciem
993 1977 1153 2041 hominum
1175 1989 1417 2057 temporumque

271 2077 396 2142 insitam
418 2078 523 2138 aniano
545 2097 609 2140 nou
630 2077 724 2142 finxit
753 2079 894 2160 talesque
921 2081 954 2141 in
981 2101 1103 2143 scenam
1131 2079 1276 2156 induxit,
1308 2081 1417 2161 quales

271 2194 371 2259 erant,
393 2201 450 2242 nec
470 2201 546 2244 vero
566 2199 632 2242 esse
653 2179 818 2260 debebant,
839 2194 871 2244 et
891 2203 1068 2265 quanquam
1090 2184 1213 2264 saepius
1234 2183 1271 2244 in·
1290 2201 1328 2242 eo
1345 2201 1418 2262 peo-

270 2284 370 2363 eavit,
400 2284 486 2368 quod
515 2303 665 2366 personas
693 2282 884 2366 disputando
913 2298 945 2348 et
973 2287 1052 2348 alios
1073 2286 1279 2367 philosophos
1299 2283 1417 2346 imitari

270 2401 302 2450 et
323 2387 479 2470 sophistas
500 2388 635 2450 maxiano
657 2389 741 2466 lecit,
763 2401 868 2450 tamen
889 2389 926 2466 is,
952 2409 1029 2451 vero
1051 2389 1188 2471 quodam
1209 2389 1257 2452 rei
1277 2388 1416 2450 scenicae

270 2511 363 2554 sensu
384 2492 533 2569 imbutus,
553 2513 715 2574 nunquam
736 2494 839 2556 locum
861 2493 1079 2572 philosophiae
1102 2495 1196 2573 longe
1215 2495 1341 2575 lateque
1359 2511 1414 2571 pa·

270 2607 390 2656 tentem
415 2598 475 2656 hoo
497 2592 590 2656 modo
613 2595 737 2675 copiose
759 2595 915 2657 tractavit.
958 2593 1078 2673 Sedis,
1102 2597 1157 2678 qui
1178 2597 1346 2678 Sisyphum
1369 2594 1416 2656 fe·

270 2699 333 2777 cit,
355 2719 412 2759 nos
436 2709 541 2760 movet
563 2697 723 2777 similiter,
746 2720 782 2761 ao
803 2700 829 2761 si
850 2699 1070 2778 Salomonem,
1091 2701 1351 2781 sapientissimum
1375 2698 1416 2758 il·

270 2804 335 2863 lum
366 2821 491 2880 regem,
522 2801 644 2882 placitis
670 2802 836 2882 Kantii,
865 2801 1021 2864 Fichtii
1049 2803 1246 2888 aliorumque
1270 2801 1417 2865 virerum

270 2905 457 2986 sapientium
482 2915 621 2966 utentem
645 2905 816 2968 audiamus.
858 2905 915 2968 Est
936 2906 1032 2969 dictio
1054 2919 1144 2969 actua
1165 2908 1339 2989 pariterue
1361 2905 1418 2966 fri·

187 3081 196 3100 ·
268 3009 360 3089 gida,
382 3009 524 3092 quamvis
546 3015 698 3074 nonnulla
719 3012 840 3074 lumina
860 3012 991 3088 habeat,
1020 3011 1124 3092 qualia
1146 3010 1249 3092 poesis
1269 3009 1416 3091 requirit.

268 3111 365 3176 Aliud
388 3112 523 3196 denique
545 3130 762 3196 argumentum
785 3118 911 3186 Perse
938 3134 977 3174 ex
998 3111 1244 3194 proprietatibus
1268 3132 1416 3176 versuum

270 3217 361 3278 duxit
383 3215 422 3278 ad
446 3217 555 3298 Eurip.
573 3218 659 3281 Med.
680 3223 761 3300 2843
784 3218 879 3304 quud,
901 3220 975 3302 quia
997 3220 1105 3301 paullo
1127 3215 1268 3296 argutius
1289 3227 1346 3293 est,
1367 3213 1416 3274 illi

269 3321 358 3382 iucile
378 3321 596 3402 relinquimus.

357 3420 420 3482 Sed
440 3423 517 3483 llaec
537 3423 605 3504 ipsa
623 3423 712 3504 pottsi
730 3424 913 3506 Euripidiae
935 3445 998 3487 non
1020 3423 1111 3490 valde
1135 3421 1338 3502 congruentia
1359 3441 1415 3484 nos

269 3545 379 3586 rursus
400 3522 570 3602 adducunt,
591 3539 626 3587 ut
650 3526 766 3589 Critiae
789 3530 927 3590 fabulam
950 3527 1153 3590 vindicemus.
1193 3527 1223 3588 Is
1245 3526 1339 3601 eninr,
1360 3545 1417 3584 au·

270 3627 336 3689 dito
358 3629 545 3706 Protagora,
568 3630 624 3710 qui
646 3627 819 3709 dubitavit,
846 3643 955 3692 utrum
980 3629 1025 3692 dii
1046 3643 1166 3708 essent,
1186 3651 1245 3691 nse
1264 3647 1319 3705 ne,
1342 3647 1413 3688 cum

271 3732 411 3793 animum
437 3730 618 3808 sauguinem
638 3731 726 3793 cordi
748 3735 899 3796 suffusum
920 3733 1056 3816 ideoque
1078 3734 1243 3795 montalent
1264 3749 1332 3792 esse
1354 3741 1419 3792 sta·

270 3835 391 3912 sitisset,
425 3832 535 3894 Galen.
556 3833 596 3895 T.
613 3835 636 3896 l.
657 3855 688 3916 p.
711 3839 784 3916 264,
815 3838 1001 3900 Tertullian.
1024 3836 1063 3899 ds
1085 3836 1191 3898 Anius.
1213 3837 1243 3913 t,
1273 3835 1415 3896 Macrnb.
1517 3839 1518 3842 ’

269 3939 377 4002 Somn.
399 3936 482 4017 Scip.
503 3938 527 4013 Ι,
550 3940 607 4016 14,
639 3940 743 4002 nullos
773 3941 901 4004 omnino
928 3939 1003 4016 deos
1019 3935 1282 4020 essepraeeepit.
1328 3936 1415 4002 Sext.

269 4041 389 4122 Empir.
402 4039 565 4122 liypotyp.
581 4037 835 4122 p.182:=·9sode
853 4039 919 4129 yu'p
939 4049 972 4110 oi
993 4045 1061 4128 ,nis
1083 4040 1205 4108 πολλοὶ
1228 4063 1347 4122 φασιν,
1367 4063 1416 4103 ss·

271 4145 329 4218 oie
354 4143 390 4210 ot
413 4139 472 4211 otiu
496 4145 604 4222 εἶναι,
633 4141 745 4228 ὥσπερ
767 4149 800 4210 οἱ
823 4145 901 4229 aspi
924 4141 1094 4229 Διαγόραν
1117 4136 1339 4224 advolitans
1361 4139 1415 4205 sai

273 4243 445 4329 &aetiopes
467 4248 525 4314 καὶ
542 4246 690 4332 Κριτίαν
712 4242 774 4314 adu
796 4241 1003 4333 Ἀθηναῖον.
1045 4247 1110 4312 Ubi
1129 4243 1330 4323 cunjungitur
1348 4263 1416 4304 eum

270 4346 466 4426 hominibus,
499 4369 578 4432 quos
608 4349 776 4432 antiquitas
805 4363 937 4433 propter
965 4353 1045 4412 hane
1069 4349 1252 4432 opinionem
1280 4346 1416 4410 maxime

274 4445 422 4510 nolit-iam
444 4454 603 4534 appellare
625 4467 836 4522 consueverat.
881 4454 946 4518 Cit.
967 4453 1005 4518 de
1023 4454 1096 4518 Nat.
1112 4455 1213 4518 Deor.
1227 4454 1250 4534 I,
1264 4457 1300 4514 l:
1323 4453 1417 4530 „Nul-
