3076 4998
788 329 862 406 182

254 532 319 600 set,
339 531 394 584 sut
414 540 433 582 e
452 517 556 600 patria
576 515 709 580 misisset
731 516 886 592 Atlseuss,
914 510 1177 596 quemadmodum
1197 512 1284 594 apud
1305 513 1405 578 Sebo-

253 624 376 686 liastam
403 621 437 684 in
465 623 550 684 libro
580 620 705 680 Veneta
736 615 879 696 legimus.
921 615 1006 694 Ergo
1028 612 1068 676 de
1090 613 1267 688 ἐπινικίοις
1289 615 1406 694 cogite·

254 746 331 790 mus.
355 722 471 790 Wott
492 719 532 784 sd
552 721 631 784 Plat.
652 719 763 802 Symp.
783 720 807 798 1,
828 722 859 780 6.
902 715 983 780 lllud
1006 727 1109 778 sutem
1132 727 1219 778 reete
1239 717 1405 780 Bentle-

253 834 331 908 jus,
363 823 449 909 quod
474 825 560 892 Χῖον
588 820 752 906 septimos
775 820 884 884 eadum
907 819 978 882 Chii
1001 818 1067 882 vini
1093 819 1191 882 luisse
1219 820 1404 884 arbitratur.

253 928 404 1012 Opuscul.
432 949 466 1008 p.
485 929 561 990 494.
616 922 735 988 Contra
767 925 1044 988 Bartbelemio
1076 924 1209 1004 voyage
1240 921 1285 986 du
1312 927 1404 1001 jeune

253 1033 372 1098 Anacb.
400 1030 499 1110 cnsp.
522 1031 565 1092 69
593 1027 729 1110 placuit,
759 1025 799 1090 de
827 1045 901 1090 raro
930 1023 1068 1108 quodam
1090 1046 1126 1088 ae
1148 1037 1329 1106 praestante
1350 1047 1404 1107 ge-

255 1155 331 1198 nere
353 1132 501 1197 cadorum
524 1131 669 1212 cogitare,
691 1129 788 1214 qued,
809 1143 845 1196 ut
866 1129 1023 1210 egregium
1046 1127 1172 1192 artificii
1196 1130 1363 1211 specimen,
1384 1151 1403 1192 a

255 1237 342 1302 Chiis
369 1237 465 1316 vulgo
491 1234 676 1299 lubricatum
697 1233 941 1298 Atheniensibus
964 1230 1153 1296 donavisset.
1195 1232 1258 1296 Sed
1282 1248 1404 1310 veram,

256 1352 291 1404 ut
320 1341 440 1402 incolae
467 1343 534 1416 ejus
562 1338 681 1401 insulse
708 1337 860 1417 insignem
885 1357 1023 1419 unquam
1045 1355 1119 1398 vasa
1138 1334 1248 1398 fictilis
1268 1334 1403 1398 facimdi

255 1443 423 1506 habuerint
443 1453 560 1520 artem3
593 1453 623 1504 et
643 1441 670 1504 si
692 1461 761 1502 eam
782 1442 978 1517 babuerunt,
1000 1439 1143 1520 quamvis
1163 1459 1306 1518 magnum
1328 1439 1402 1518 pul·

256 1543 443 1610 claritudinis
464 1545 603 1628 artisque
626 1566 749 1609 sensum
771 1545 937 1608 tribuerim
954 1542 1205 1620 Atheniensibus,
1228 1559 1279 1604 eos
1296 1553 1402 1602 tamen

255 1647 419 1714 dulcedine
440 1648 557 1728 egregii
575 1661 669 1730 potus
691 1649 807 1712 certius
830 1649 899 1731 capi
921 1647 1071 1731 potuisse,
1094 1646 1308 1730 uniusquisque
1327 1665 1405 1708 eon·

255 1751 385 1832 sentiet,
415 1771 509 1834 quam
538 1770 683 1816 vasorum
710 1751 879 1830 miraculo,
911 1761 1070 1832 utcunque
1091 1751 1169 1811 hese
1189 1759 1299 1810 ornata
1321 1745 1406 1827 eogi-

165 1869 167 1876 ·
256 1855 374 1915 tantur.
423 1850 486 1914 Sed
514 1865 549 1916 ut
578 1853 757 1918 refutentur
784 1853 861 1931 ista,
890 1852 1033 1931 longiore
1061 1850 1203 1914 oratione
1231 1869 1296 1912 noa
1324 1861 1405 1930 eget.

255 1955 399 2021 Amicum
422 1955 495 2018 hstie
514 1957 704 2039 Aeschylum
722 1956 817 2019 luisse
836 1955 1034 2040 ePlutsroho
1054 1953 1093 2016 de
1113 1955 1199 2016 Prel.
1218 1955 1306 2018 Virt.
1318 1954 1405 2018 Sent.

256 2059 277 2120 8
298 2067 440 2137 apparet.
482 2058 524 2120 Et
539 2058 614 2120 vino
632 2071 664 2120 et
683 2060 842 2122 amoribus
862 2055 1030 2122 admodum
1051 2056 1177 2120 deditus
1194 2057 1269 2120 luit.
1289 2059 1406 2119 Athen.

153 2189 155 2198 ⁴
256 2159 300 2224 X.
317 2163 425 2240 latet
437 2159 476 2224 F.
519 2156 665 2228 Ostendit
678 2181 765 2241 vero,
787 2181 827 2224 ns
849 2161 956 2224 multis
977 2160 1104 2244 quidem
1121 2159 1212 2222 anais
1230 2171 1305 2240 pest
1321 2179 1406 2222 mor-

256 2271 320 2323 tem
343 2268 408 2342 sjus
429 2262 549 2334 fabulas
570 2261 605 2324 in
626 2262 818 2327 oblivionem
837 2261 971 2342 venisse,
991 2261 1078 2346 qued
1098 2264 1212 2324 chorus
1233 2261 1267 2322 ia
1282 2262 1407 2324 Aristo-

256 2364 369 2443 phanis
397 2364 495 2428 Ranis
524 2374 594 2429 toto
623 2385 663 2426 ex
690 2365 774 2428 lenis
803 2367 958 2430 Phoenice
985 2365 1142 2431 versiculo
1172 2365 1284 2428 utitur.
1326 2367 1407 2428 lien.

258 2469 353 2530 1472.
402 2467 514 2552 Neque
538 2469 579 2530 ab
600 2468 826 2534 Alexandrinis
847 2483 1045 2555 contemptus
1061 2493 1105 2554 vae
1127 2473 1220 2553 plane
1242 2469 1404 2550 despectus

256 2578 321 2646 est;
350 2589 423 2632 nam
452 2582 487 2633 ut
512 2572 778 2650 praestantissimo
808 2583 975 2654 petitarum
1003 2577 1111 2656 generi
1137 2596 1207 2638 eum
1233 2572 1406 2653 adscripse-

256 2683 349 2750 runt,
371 2670 458 2754 quod
480 2693 630 2736 canonem
652 2676 772 2754 effecit,
800 2679 844 2741 sic
866 2681 999 2745 multum
1021 2699 1136 2762 operae
1156 2680 1190 2740 in
1213 2678 1277 2741 vita
1298 2675 1405 2755 operi·

256 2773 378 2858 busque
408 2782 474 2855 ejus
503 2779 698 2844 illustrandis
729 2785 932 2846 collocarunt.
980 2783 1075 2865 Apud
1097 2785 1290 2847 Athenaeum
1310 2778 1406 2842 XIV.

257 2899 289 2958 p.
312 2881 377 2948 634
399 2880 435 2947 G.
456 2883 625 2964 explicatio
647 2885 821 2951 Aristarchi
844 2887 1049 2970 proponitur,
1078 2909 1141 2971 qua
1160 2884 1349 2950 locutionem
1370 2881 1407 2943 in

257 2983 392 3064 satyrica
410 2987 494 3052 lonis
516 2988 622 3050 fabula
642 2988 868 3070 interpretetus
890 3003 948 3053 est.
991 2988 1111 3067 Quodsi
1133 2994 1196 3068 iam
1218 3010 1326 3052 verum
1348 2999 1408 3062 est,

258 3084 344 3167 quod
372 3086 622 3154 Stoeckerus
650 3091 780 3176 Disput.
810 3091 849 3156 de
870 3093 970 3176 Sopb.
996 3106 1029 3156 et
1050 3093 1212 3176 Aristopb.
1238 3093 1408 3172 interpret.

257 3207 289 3266 ps
311 3189 332 3252 t
353 3193 494 3272 conjicit,
525 3195 765 3258 commentarios
786 3195 935 3278 Didymi,
964 3189 1199 3282 ιῖηιεξηγὴοειι
1223 3188 1301 3274 (ssia
1322 3188 1409 3276 πρός

252 3281 370 3376 Ἴωνα)
391 3294 506 3356 Athen.
527 3295 616 3358 xlv.
639 3317 672 3376 p.
691 3298 757 3359 634
778 3295 813 3358 G.
837 3309 980 3376 vocatos,
1002 3297 1151 3362 adversus
1167 3297 1261 3358 'illum
1284 3295 1408 3356 antico·

257 3409 328 3453 rum
350 3394 524 3476 principem
542 3398 676 3478 scriptos
693 3399 799 3479 fuisse,
818 3402 1017 3465 Aristarchus
1031 3386 1207 3484 tragoedias
1222 3397 1308 3461 lonis
1323 3417 1407 3459 ecm-

258 3488 419 3560 mentarils
439 3497 654 3564 illustraverat
675 3523 790 3586 eosque
811 3503 896 3569 baud
912 3503 1006 3569 dubie
1024 3501 1190 3590 ἐξηγήσεις
1208 3493 1406 3583 ιιρὸςἽιιιίι

258 3609 433 3664 vocaverat.
469 3598 572 3662 Simili
584 3615 688 3668 sutem
702 3606 786 3669 libro
798 3605 930 3693 Didymi
944 3608 1004 3670 fuit
1020 3625 1145 3684 nomen,
1160 3600 1245 3686 quod
1259 3599 1407 3678 diximus,

258 3692 491 3790 ιιίιιξηγησειι
518 3701 603 3789 πρὸς
628 3704 752 3791 Ἴωνας
783 3730 855 3772 nam
877 3710 953 3773 alibi
977 3731 1048 3773 eum
1070 3710 1249 3773 Athenaeus
1269 3703 1406 3767 eundem

257 3801 381 3883 laudet,
410 3808 524 3871 Athen.
546 3809 602 3872 xl.
630 3831 663 3892 p.
687 3813 753 3874 468
774 3813 823 3876 De
856 3813 960 3898 φησὶν
989 3809 1007 3880 ὃ
1034 3810 1186 3893 Δίδυμος
1211 3813 1249 3876 ἐν
1273 3807 1319 3894 τῷ
1341 3805 1407 3874 soti

260 3904 434 3992 δράματος
454 3914 644 3996 ἐξηγητικῷ,
661 3927 772 3996 aperte
794 3935 859 3978 non
880 3928 944 3978 tam
965 3914 1104 3994 titulum,
1125 3933 1219 3995 quam
1241 3927 1408 3989 srgumen·
1532 3926 1533 3978 t

258 4019 326 4072 tum
354 4011 460 4092 operIs
490 4010 653 4093 significat.
705 4017 883 4101 Explicatio
912 4018 1049 4105 denique
1077 4016 1224 4084 vocabuli
1251 4035 1292 4076 ex
1321 4011 1406 4074 lonis

258 4111 362 4176 labala
383 4115 501 4178 servati
517 4115 650 4199 Epigenl
673 4120 795 4184 cuidam
817 4123 979 4188 tribuitur.
1021 4125 1137 4187 Athen.
1152 4122 1174 4184 l.
1189 4121 1215 4180 l.
1256 4116 1319 4194 Qui
1335 4117 1407 4201 qui·

259 4210 329 4276 dem
351 4215 378 4277 si
401 4215 461 4281 luit
483 4218 658 4301 interpres,
686 4243 780 4304 quem
811 4227 947 4288 cmmina
976 4225 1097 4308 Orphei
1125 4222 1330 4306 explicavisse
1359 4217 1408 4280 di·

259 4328 349 4392 eunt,
376 4318 568 4386 vide-Clam.
589 4324 745 4388 Alexand.
772 4349 823 4408 ap.
844 4329 1018 4409 Bentlej.
1039 4328 1156 4410 opusc.
1184 4347 1216 4408 p.
1238 4327 1320 4401 509,
1347 4321 1407 4384 ἆυ·

259 4415 344 4481 biusu
374 4439 438 4484 non
466 4436 529 4503 est,
558 4426 637 4512 quia
665 4431 921 4498 commentarium
949 4434 981 4498 in
1003 4433 1087 4498 louis
1111 4447 1207 4516 opera
1234 4427 1406 4512 scripserit,
