3086 4992
676 294 746 368 101

175 519 176 524 κ
228 483 232 490 ’
264 470 370 564 nuptis
390 477 565 562 ripenses
582 471 756 564 ρεέιιαοεν
778 473 1022 565 δυσεμβόλοις,

192 599 194 604 ·
264 581 384 648 πᾶσαν
404 577 580 656 στενάξαι,
598 580 770 646 πένθεσιν
789 579 823 648 tt
849 583 1028 665 sapenos

238 682 363 750 ’σέσοιν
385 677 531 766 ἄμοιρον
554 681 726 766 διοτρεφές
747 684 889 768 φθίνειν
911 686 1025 768 γένος·

254 783 373 852 Ὅθεν
395 777 484 860 θεας
506 784 649 868 especiem
674 777 786 857 sienni
812 787 878 854 νύν
901 793 962 852 έιι.

130 895 168 953 sb
190 892 350 969 Hugone
370 888 506 955 Gentio
528 888 675 967 Excerpt.
692 911 724 968 p.
742 891 826 952 1003
841 903 1014 971 receptum.
1056 895 1156 972 Quem
1175 900 1279 959 Wes-

130 994 319 1074 seliugiue
341 992 546 1072 Agrigentino
568 992 674 1074 inepte
696 993 884 1080 assignavit.
917 996 997 1058 Nam
1020 999 1075 1080 qui
1096 1002 1152 1062 hos
1171 1022 1279 1064 versus

129 1099 267 1179 scripsit,
289 1097 316 1159 si
337 1096 473 1158 Siciliam
495 1096 656 1159 habuisset
677 1099 820 1178 patriam,
841 1101 1022 1182 importune
1042 1102 1211 1166 historicus
1227 1122 1280 1164 ex·

130 1201 302 1282 plicuisset,
325 1199 484 1281 quomodo
502 1208 594 1281 potita
611 1201 777 1280 religiones
795 1202 1060 1284 Syracusanorum
1075 1206 1278 1286 cognovisset.

155 1341 157 1344 -
216 1304 366 1366 Carcinus
389 1305 487 1384 igitur
510 1309 551 1366 'ex
573 1306 660 1368 omni
678 1307 856 1368 fabularum
875 1329 1008 1370 numero
1026 1308 1211 1388 praeprimis
1227 1329 1279 1372 ens

130 1409 264 1488 delegit,
290 1419 460 1490 quactum
485 1409 619 1470 maxime
641 1399 835 1474 delactnba'nt
859 1414 1018 1489 homines,
1045 1431 1177 1493 querum
1198 1411 1277 1472 eliae

128 1534 146 1572 n
170 1512 367 1592 principibus
390 1523 578 1590 exornatae,
611 1513 690 1574 aliae
720 1515 760 1574 nb
787 1515 857 1596 ipso
887 1516 991 1597 primo
1018 1515 1165 1578 inventae
1196 1526 1276 1576 snut.

129 1618 172 1676 At
196 1635 260 1676 non
282 1615 364 1676 ratio
386 1617 497 1693 solum,
519 1637 581 1698 qun
603 1628 729 1696 raptum
745 1619 953 1698 Proserpinae
974 1631 1089 1694 narrat,
1112 1637 1175 1678 non
1191 1617 1275 1699 quod

130 1717 171 1778 de
194 1737 231 1778 eo
253 1717 370 1800 aliquid
393 1719 453 1780 sibi
475 1719 680 1800 persuaserit,
707 1717 761 1780 sed
782 1732 818 1782 ut
841 1722 959 1782 cultum
980 1721 1155 1782 Siculorum
1178 1720 1278 1800 expli-

132 1831 201 1898 cet,
225 1841 330 1884 verum
353 1823 407 1882 illa
430 1841 557 1904 quoqne
578 1822 668 1882 notio
690 1822 776 1883 Pluti
800 1823 886 1884 Stob.
908 1823 1010 1886 Serus.
1025 1826 1106 1884 233:

255 1917 308 1990 Ὦ
329 1925 437 1994 πολλοὶ
458 1925 623 2000 ’Πλοῦτος
646 1925 907 2012 δυστυχέστατος
927 1926 1053 2008 κυρῶν,

258 2025 350 2112 ὅμως
369 2029 531 2114 μέγιστον
554 2029 653 2112 §iios
675 2033 712 2094 ἐν
733 2031 871 2114 βροτοῖς
892 2036 978 2116 έχεις
993 2026 1035 2112 1)·
1104 2081 1107 2086 .

129 2151 239 2214 quem,
258 2131 349 2213 quasi
370 2130 564 2195 deus‘verus
586 2151 621 2191 ae
643 2130 732 2194 vivus
755 2151 819 2192 non
841 2131 909 2210 sit,
923 2151 993 2192 cum
1014 2132 1091 2212 ipsis
1113 2130 1277 2193 confundit

130 2235 269 2313 divitiis,
301 2233 340 2296 ad
370 2236 449 2316 quas
471 2247 610 2314 potestas
640 2236 868 2318 ejns1maxime
896 2235 1052 2316 pertinet,
1084 2238 1161 2296 haee
1182 2235 1277 2313 igitur

131 2339 325 2419 impietatem
354 2339 441 2400 illam
463 2359 497 2398 ec
523 2339 694 2420 perniciem
722 2342 887 2422 religionis·
906 2338 1092 2416 ostendunt,
1105 2384 1108 2392 .
1121 2338 1154 2398 in
1184 2357 1277 2418 quem

130 2441 364 2512 tumhomines
386 2453 643 2524 cooperanteme
662 2443 828 2524 proclives.
872 2442 944 2520 Quo
961 2463 1052 2507 sensu
1071 2440 1204 2520 intelligi
1224 2437 1278 2503 de·

131 2547 216 2621 bent,
238 2563 322 2627 qnae
340 2545 423 2626 apud
445 2546 591 2608 Photium
614 2549 636 2607 l.
656 2549 679 2608 l.
699 2549 840 2628 legimus.
887 2547 1062 2632 Καρκίνου
1083 2540 1276 2628 νιοιὴμαεατ

130 2647 335 2730 ,Μένανδρος
372 2646 594 2734 Ψευδηρακλεῖ
626 2645 869 2738 αἰνιγματώδη.
927 2645 974 2716 ‘0
1007 2642 1074 2735 γοέρ
1104 2645 1279 2730 Καρκίνος

129 2741 306 2833 Ὀρέστην,
329 2745 398 2816 ὑπὸ
421 2743 545 2818 Ἣλέου
568 2751 849 2838 ἀναγκαζόμενον
871 2747 1091 2838 ὁμολογῆσαι,
1116 2747 1168 2816 ὅτι
1191 2752 1276 2830 ἐμη-

129 2852 371 2936 υρονοόνηοιν,
404 2855 539 2937 ένιοέηοο
571 2848 612 2920 δι’
636 2853 848 2939 αἰνιγμάτων
877 2845 1162 2935 εἷπονρινόμενον.
1217 2847 1277 2910 Hie

130 2954 214 3016 enim
235 2976 338 3037 neque
352 2957 540 3020 ,sententiam
561 2957 745 3019 Meinakii
767 2957 806 3018 H.
821 2955 855 3015 0.
877 2977 909 3034 p.
923 2957 987 3015 510
1003 2956 1182 3035 probamus,
1204 2975 1273 3015 cum

128 3060 156 3120 is
173 3057 400 3132 Ἀπόλλωνος’
414 3061 544 3138 scribet,
565 3078 624 3120 nec
644 3057 918 3133 Valckenario,
941 3057 1011 3137 qui,
1034 3055 1275 3121 Hsmsterlru·

128 3164 188 3224 sio
209 3161 298 3239 duee,
322 3163 500 3232 Μενελάου
521 3163 670 3240 restituit,
691 3171 823 3242 propter
839 3157 980 3221 lectionis
1002 3169 1188 3242 vetustatem
1211 3158 1281 3217 sul·-

127 3266 305 3345 fragsmur,
334 3279 503 3348 propterea
525 3267 611 3351 quod
633 3266 761 3352 Suidas,
793 3265 850 3348 qui
871 3260 977 3324 endem
1000 3282 1025 3323 s.
1045 3283 1074 3323 v.
1100 3257 1275 3344 Καρκίνου

127 3370 239 3445 habet,
263 3369 395 3428 formam
415 3366 520 3438 ’Ilion
541 3383 650 3432 tuetur
668 3371 704 3431 in
726 3370 861 3430 maxima
881 3367 1036 3430 vocalium
1059 3375 1134 3446 pst
1155 3389 1166 3430 ι
1189 3361 1276 3427 simi·

128 3471 263 3534 litudine
276 3491 299 3532 a
317 3471 423 3534 Photii
435 3475 563 3536 nomine
577 3473 659 3536 nihil
674 3472 838 3538 diversam.
881 3471 994 3552 Neque
1009 3467 1159 3544 videmus,
1171 3486 1273 3548 quare

128 3577 380 3638 Weiskerus
408 3577 501 3656 Trng.
527 3577 583 3640 Gr.
615 3579 647 3638 P.
669 3577 722 3640 111.
751 3599 784 3658 p.
807 3578 891 3638 1062
922 3575 954 3635 in
981 3567 1275 3654 suspicionema'd-

129 3675 256 3741 duxerit
278 3679 436 3758 vulgatam
458 3680 655 3761 scripturam,
676 3681 855 3762 Apollinem
873 3697 1004 3740 monens
1022 3697 1124 3760 neque
1136 3675 1169 3736 in
1185 3694 1274 3736 scens

128 3799 292 3862 apparere,
312 3803 417 3864 neque
439 3785 548 3846 metris
564 3783 688 3846 caedem
704 3782 809 3848 Oresti
824 3783 1016 3863 exprobrare
1033 3780 1182 3864 potuisse,
1204 3797 1273 3838 erun

127 3885 167 3948 ed
189 3885 248 3946 huc
269 3887 372 3947 scelus
386 3905 457 3949 eum
472 3889 539 3971 ipse
558 3889 769 3970 compulisset.
809 3885 890 3948 Nem
914 3885 990 3968 quid
1015 3885 1117 3952 obfuit
1139 3879 1273 3956 tandem,

126 3988 297 4072 quominus
320 3991 462 4053 machina
483 3992 634 4056 demissus
657 3994 773 4074 Apollo
796 4013 865 4053 cum
888 3988 998 4054 Oreste
1021 4005 1178 4049 sermones
1201 4000 1273 4042 con·

127 4087 271 4154 sereret?
316 4089 393 4168 Quis
416 4093 454 4188 tle
476 4095 612 4184 artificio
630 4095 773 4158 dubitare
795 4106 916 4178 potest,
947 4111 1010 4176 quo
1038 4097 1132 4170 poe'tn
1161 4082 1272 4158 elicuit,

128 4239 256 4248 ——----

199 4330 231 4399 1)
250 4329 330 4399 Quas
355 4331 463 4404 quidem
489 4331 557 4385 estio
581 4331 716 4390 scribendi
740 4329 864 4400 inprimis
881 4327 946 4382 mibi
965 4324 1079 4396 placuit,
1103 4341 1157 4394 quo
1177 4321 1274 4376 rectius

127 4437 175 4486 ea,
196 4439 267 4490 quse
287 4421 414 4490 diximus,
432 4421 653 4494 exprimerentur.
691 4419 745 4472 Alii
763 4419 856 4490 legunt
873 4414 988 4472 πλοῦτος
1007 4424 1032 4465 et
1050 4413 1107 4478 έχιι.
