3086 4992
808 296 882 368 114

276 486 458 570 perturbata
480 497 508 547 et
536 485 642 546 multis
669 483 840 566 depravata
865 479 927 542 sint
958 481 1054 543 vitiis.
1107 482 1259 546 Addimus
1285 485 1422 565 explica·

275 595 392 658 tionem
421 589 598 674 tragoediae
626 612 676 671 ap.
697 591 854 652 Zonaram
884 609 915 667 p.
937 587 1040 650 17⁴3:
1071 588 1257 676 eporedia,
1287 588 1422 672 ποίημα

276 693 469 778 ἐπιτάφιον,
492 714 571 776 quae
592 691 726 756 absurda
748 705 803 769 est,
833 691 894 753 nisi
916 689 955 752 ad
977 692 1059 752 hanc
1076 689 1261 753 Theodectis
1283 692 1421 754 labulam

275 799 428 873 refertur,
450 817 580 879 eamque
603 799 686 858 hunc
707 797 738 856 in
761 795 854 856 finem
877 795 1024 874 scriptam
1045 814 1114 857 csse
1134 793 1296 873 declarat,
1314 806 1350 855 ut
1372 815 1423 855 cs·

172 889 175 894 ¹
275 903 449 964 lebritatem
472 902 591 962 funeris
612 913 749 980 augeret.
796 901 878 960 Hinc
900 899 996 979 igitur
1016 901 1123 980 plnres
1143 911 1216 962 aunt
1238 910 1329 960 natae
1350 919 1424 958 eru·

275 1004 411 1067 diturum
435 1004 616 1066 sententiae.
660 1005 803 1086 Namque
824 1002 994 1080 Rodios,
1025 1001 1104 1064 illud
1125 1004 1219 1064 funus
1241 1022 1305 1065 uno
1329 999 1422 1062 ludo·

274 1127 345 1169 rum
367 1127 479 1186 genere
501 1108 688 1168 celebratum
712 1127 777 1168 esse
799 1117 893 1183 ratus,
914 1105 1065 1188 reliquos,
1086 1117 1244 1188 quotquot
1265 1105 1423 1180 dicuntur,

275 1209 412 1272 aemulos
440 1207 588 1273 adversus
609 1207 816 1271 Theodectem
844 1209 1037 1271 orationibus
1064 1220 1197 1270 certasse
1223 1220 1336 1269 censet.
1379 1207 1423 1268 At

274 1333 349 1376 aero
371 1315 445 1375 haec
464 1333 546 1376 nora
569 1325 599 1374 et
616 1312 756 1375 inaudita
777 1311 953 1374 certaminis
972 1311 1064 1389 ratio,
1085 1331 1148 1394 qua
1165 1310 1192 1372 is
1210 1311 1329 1372 fabulas
1349 1331 1422 1372 cum

274 1417 468 1479 orationibus
483 1422 603 1495 junctas
618 1437 684 1478 esse
699 1416 867 1492 existimat,
888 1433 952 1476 nun
974 1413 1141 1478 admodum
1157 1413 1339 1476 -aerisimilis
1362 1425 1421 1474 est.

274 1523 430 1584 Habemus
459 1523 551 1583 aliam
574 1519 746 1582 Miilleri
776 1518 979 1597 sententiam,
1010 1519 1066 1601 qui
1091 1516 1317 1594 Theodectem,
1348 1537 1420 1577 cum

273 1625 405 1688 virtutes
426 1625 543 1687 mortui
562 1625 644 1704 regis
665 1622 807 1684 oratione
828 1621 993 1700 laudasset,
1015 1635 1051 1684 ut
1073 1621 1168 1685 ceteri
1186 1621 1334 1696 lecerunt,
1353 1631 1421 1680 tra·

273 1728 414 1807 goediam
437 1727 557 1791 dedisse
579 1727 760 1790 arbitratur.
815 1725 907 1803 Quod
935 1727 1057 1807 egregie
1086 1727 1336 1788 Welclterus
1368 1741 1423 1782 ar-

272 1834 426 1911 gumentis
448 1832 626 1910 confirmat,
655 1853 735 1915 quae
763 1833 796 1894 in
824 1835 973 1895 extremis
995 1832 1090 1894 Gellii
1111 1833 1215 1894 verbis
1239 1827 1421 1892 abscondita

272 1947 356 1996 sunt.
398 1935 478 1996 Nam
499 1935 526 1997 is
548 1947 665 2011 auctor,
689 1957 758 1998 cum
782 1937 861 1997 hanc
877 1937 1014 1997 fabulam
1035 1952 1111 2015 prae
1126 1933 1312 1996 Theodectis
1326 1951 1422 2012 prosa

272 2039 425 2120 placuisse
453 2051 577 2116 narrat,
607 2061 710 2120 neque
740 2059 862 2102 omnem
886 2041 1062 2102 orationum
1085 2038 1222 2118 cupiam,
1251 2055 1332 2120 quae
1352 2047 1422 2096 tum

230 2205 235 2214 k
272 2161 382 2220 magua
411 2139 443 2201 in
474 2142 574 2220 gloria
601 2143 790 2224 summisque
818 2142 962 2207 laudibus
992 2143 1206 2223 ponebantur,
1237 2159 1294 2201 nec
1322 2140 1421 2202 totius

272 2243 467 2326 antiquitatis
495 2243 645 2321 judicium
675 2248 716 2307 ob
745 2247 852 2308 oculos
881 2247 992 2322 habet,
1024 2245 1063 2308 de
1090 2263 1154 2328 quo
1179 2263 1244 2306 non
1274 2244 1420 2306 omuibus

270 2362 391 2411 tantum
421 2348 587 2411 convenire
616 2350 712 2422 solet,
743 2349 797 2410 sed
830 2360 913 2410 certa
942 2348 1095 2431 quaedam
1123 2351 1243 2410 solutae
1268 2347 1420 2410 orationis

270 2451 440 2532 specimina
463 2452 607 2531 respicit,
640 2471 720 2532 quae
748 2451 875 2534 quidem
903 2473 979 2533 prae
1003 2453 1146 2514 Mausolo
1173 2453 1304 2514 minoris
1328 2451 1420 2512 assti-

270 2566 367 2630 matn,
392 2565 446 2614 atet
468 2555 561 2634 plane
584 2566 759 2636 contempta
782 2559 853 2619 sint.
897 2559 1003 2638 Atque
1025 2559 1084 2618 lroc
1105 2558 1138 2618 in
1156 2557 1323 2618 ¹funebrem
1347 2574 1420 2618 ora·

271 2657 388 2718 tionem
410 2655 526 2735 optime
548 2657 703 2718 convenit.
755 2659 899 2740 Namque
920 2661 947 2720 si
967 2659 1000 2719 in
1021 2660 1131 2721 funere
1153 2659 1287 2721 Mausoli
1305 2657 1421 2720 adver·

184 2816 187 2826 ,
269 2780 323 2821 sus
343 2758 570 2839 condiscipulos
590 2761 738 2840 certarit,
768 2762 824 2844 qui
845 2762 1038 2824 nobilitatem
1062 2765 1178 2826 mortni
1197 2763 1277 2841 regis
1298 2761 1420 2824 oratio·

271 2864 362 2924 nibus
384 2864 570 2941 efferebant,
602 2865 670 2945 ipse
698 2885 824 2949 quoque
846 2865 979 2928 similem
1005 2866 1178 2928 orationem
1199 2865 1342 2926 habuerit
1364 2885 1421 2926 ne·

270 2985 353 3026 cesse
375 2977 430 3041 est,
451 2977 621 3046 propterea
646 2968 731 3049 quod
753 2981 866 3031 natura
888 2967 1052 3046 cujuslibet
1071 2967 1247 3030 certaminis
1268 2969 1419 3048 postulat,

269 3078 304 3129 ut
329 3068 369 3143 ii,
394 3067 450 3150 qui
472 3069 556 3129 inter
582 3087 614 3130 se
636 3070 852 3150 aemulantur,
877 3069 1014 3150 ejusdem
1036 3070 1158 3148 generis
1179 3087 1276 3150 opera
1295 3070 1328 3130 in
1353 3091 1420 3130 me·

216 3210 223 3224 ·
269 3169 354 3232 diurn
375 3172 517 3250 afferant,
540 3193 619 3254 quae
641 3172 802 3236 commode
818 3174 903 3234 inter
920 3193 985 3236 sese
1006 3171 1127 3253 possint
1141 3172 1286 3234 conferri.
1329 3170 1418 3246 Quae

269 3295 344 3336 vcro
368 3296 474 3338 caussa
492 3274 701 3338 Theodectem
724 3275 874 3354 adduxit,
906 3290 958 3355 ut,
986 3277 1129 3338 oratione
1149 3275 1273 3353 habita,
1295 3285 1419 3353 tragoe-

269 3375 350 3436 diam
374 3376 486 3440 daret?
531 3379 596 3440 Aut
617 3379 674 3460 qui
700 3380 787 3440 locus
814 3380 844 3439 ei
865 3377 956 3442 datus
978 3376 1127 3442 videtur?
1170 3377 1250 3439 Silet
1270 3375 1420 3438 Miille·

268 3497 337 3538 rus
359 3478 504 3561 quidem3
526 3481 770 3543 Welclterus
792 3493 913 3544 autem:
931 3481 1010 3546 llud
1025 3481 1115 3544 dahel
1137 3481 1256 3543 schsint
1276 3503 1333 3544 aus
1352 3481 1420 3542 die·

222 3603 225 3609 ·
269 3599 322 3640 sen
350 3583 489 3643 Worten
520 3579 571 3642 die
601 3584 729 3644 weitere
756 3584 884 3660 Angabe
914 3584 968 3648 des
996 3603 1229 3664 ausgeaogeaen
1256 3582 1419 3645 Berichtcs

269 3680 551 3762 durchnublicltcn,
584 3684 653 3748 class
675 3686 875 3750 Theodelttes
901 3687 1001 3750 durch
1024 3687 1074 3750 die
1095 3686 1282 3766 Niederlage
1306 3707 1420 3749 verau-

267 3787 342 3848 lasst
369 3786 497 3866 wurdc,
529 3786 580 3849 die
606 3789 758 3870 Tragb’tlie
786 3814 826 3853 au
852 3793 1014 3854 schreiben
1042 3791 1105 3854 und
1130 3791 1198 3854 dass
1220 3790 1305 3854 disse
1328 3792 1418 3855 desto

268 3895 430 3968 grdsseren
453 3890 566 3952 lleilall
588 3892 740 3956 erndtetc.
785 3896 907 3957 Verum
929 3895 1013 3955 enim
1034 3889 1246 3973 ignominiam,
1267 3913 1364 3975 quarn
1384 3895 1417 3954 in

268 4006 426 4056 oratorum
457 3996 656 4058 contentione
684 3998 744 4060 sibi
772 3999 882 4060 tulisse
904 3996 1086 4076 ridebatur,
1120 3998 1177 4080 qui
1198 3997 1305 4077 potnit
1326 4017 1419 4076 repa·

266 4114 347 4156 rare
366 4098 534 4176 specimine
563 4101 696 4179 tragico,
729 4103 915 4181 praesertim
940 4095 1012 4162 ‘cum
1040 4100 1145 4164 studio
1172 4099 1297 4166 dicendi
1314 4101 1418 4178 'longe

267 4189 384 4276 magis,
403 4221 496 4282 quam
518 4203 605 4280 poe'si
627 4201 783 4265 florereti·
818 4203 854 4266 ld
874 4204 972 4284 igitur
994 4205 1116 4268 consilii
1138 4204 1196 4267 rix
1217 4202 1345 4278 habuit,
1376 4215 1418 4278 et,

268 4298 295 4356 si
321 4301 447 4379 habuit,
478 4306 534 4364 tali
556 4302 651 4366 modo
677 4325 874 4388 nequaquam
903 4321 1084 4388 persecutus
1114 4319 1170 4370 est.
1223 4303 1315 4381 Quod
1339 4324 1418 4368 rero

268 4402 419 4477 temporie
440 4407 574 4482 spatium
597 4406 635 4468 ad
658 4409 849 4489 tragoediam
870 4411 1066 4474 scribendam
1083 4403 1330 4474 lruicsallecisse
1347 4408 1418 4489 opi·
