3086 4992
779 335 852 409 118

249 528 352 604 ribus,
376 526 408 587 ni
434 525 495 588 vim
519 525 603 589 vocis
627 515 856 609 ἀνδρειότερος
876 525 1031 586 intellexit
1054 545 1146 588 sensu
1169 545 1232 586 uon
1254 529 1397 608 proprio,

248 643 301 693 aut
324 640 504 708 argumenta
526 625 637 688 callide
660 625 812 705 adhibuit,
836 628 949 710 quibus
971 628 1129 709 sophistae
1150 647 1241 690 autres
1263 643 1399 693 mentes·

250 755 311 815 que
333 732 525 794 audientium
550 730 693 811 decipere
716 733 867 796 solebant.
911 733 1073 795 Mausolus
1094 751 1170 797 vero
1193 752 1256 794 non
1279 731 1399 794 medio·

249 838 308 898 cris
331 835 489 916 tragoedia
509 835 580 912 fuit,
601 847 637 896 ut
655 836 777 918 antiqui
798 837 966 917 scriptores
988 835 1155 897 affirmant.
1198 837 1233 896 ln
1257 857 1321 919 quo
1342 859 1398 899 nc·

249 959 310 1021 que
333 940 397 1000 vim
423 937 547 1015 mentis,
571 959 627 998 nec
649 937 790 1002 divinum
813 940 903 1000 illum
924 940 1071 1020 spiritum
1092 939 1274 1020 apparuisse
1297 944 1406 1023 suspi·'

248 1061 311 1120 cor,
333 1061 396 1125 quo
411 1051 523 1123 po’e'tae
545 1042 740 1105 concitentur
761 1063 885 1106 necesse
909 1058 965 1124 est,
988 1065 1057 1105 cum
1075 1065 1125 1106 rse
1146 1043 1309 1105 historicas
1332 1063 1397 1104 me-

248 1145 346 1206 moria
376 1143 569 1224 dignissimae
597 1159 759 1208 exornant.
812 1149 977 1210 Praeterea
1003 1146 1315 1210 animadvertendum
1340 1159 1398 1224 est,

248 1269 317 1309 eum
341 1267 405 1308 non
429 1269 493 1310 esse
516 1250 649 1312 Athenis
670 1248 815 1330 doctum,
847 1271 949 1334 neque
977 1253 1010 1313 in
1040 1253 1229 1334 reipublicae
1261 1269 1397 1313 commn-

247 1349 320 1412 dum
341 1354 506 1434 scriptum,
528 1366 582 1415 aut
604 1374 674 1415 cum
696 1355 875 1417 celebritate
898 1356 1025 1432 alicujus
1048 1354 1119 1418 festi
1143 1359 1351 1432 conjunctum.

333 1454 425 1517 Nunc
454 1455 491 1518 de
519 1456 625 1518 indole
654 1457 899 1537 fragmentorum
929 1456 1085 1536 dicemus,
1119 1459 1233 1540 quibus
1261 1458 1395 1518 morales

247 1559 418 1619 sententiae
440 1559 651 1623 continentur.
693 1562 729 1622 In
754 1563 867 1644 quibus
890 1562 1072 1640 gravitatem
1095 1561 1170 1637 viri,
1193 1582 1210 1620 a
1230 1559 1395 1622 Socraticis

247 1660 372 1739 eruditi,
395 1663 616 1743 cognoscimus,
638 1664 693 1746 qui
714 1665 793 1726 nihil
816 1665 952 1729 levitatis
973 1665 1091 1741 habuit,
1113 1665 1230 1725 nullam
1250 1662 1394 1725 dicacita-

246 1775 309 1824 tem
332 1765 478 1844 ostendit,
501 1769 587 1850 quali
608 1769 766 1850 sophistae
788 1781 944 1831 auxerunt
960 1767 1161 1848 tragoediam.
1204 1770 1311 1850 ltaque
1332 1765 1397 1826 ini·

247 1865 324 1928 tium
354 1869 595 1954 uniuscujusque
628 1873 675 1934 rei
707 1871 797 1936 docet
828 1896 845 1935 a
877 1872 936 1936 diis
967 1891 1032 1935 esse
1062 1871 1255 1953 capiendum.
1306 1869 1396 1931 stab.

246 1971 350 2052 Eclog.
372 1975 429 2036 Ph.
451 1977 474 2052 l,
497 1977 533 2036 3:
551 1976 566 2062 1'

374 2071 442 2140 dud
464 2076 532 2140 τῶν
554 2075 646 2142 θεῶν
667 2071 774 2164 ἀρχήν
796 2102 834 2162 γε
854 2083 1027 2146 ποιεῖσθαι
1048 2077 1192 2162 πρέπον.

246 2175 528 2253 Quorum'iustitia
549 2179 638 2258 argui
660 2197 723 2242 non
747 2179 856 2258 debet,
883 2180 967 2263 quod
991 2199 1061 2242 sero
1079 2179 1214 2256 scelera,
1240 2180 1291 2241 vel
1313 2178 1396 2254 iuju-

245 2279 307 2342 rias
329 2259 491 2343 hominum
513 2281 666 2363 puniunt3
701 2282 852 2346 dilieruut
879 2285 962 2346 enim
988 2281 1173 2360 vindictam,
1202 2303 1242 2342 ns
1264 2281 1396 2342 liberta·

245 2398 309 2446 tem
329 2387 490 2448 hominum
511 2387 713 2466 imminuant,
743 2402 798 2450 aut
819 2391 945 2450 tollant.
995 2387 1084 2450 Stob.
1106 2388 1127 2446 l.
1148 2387 1170 2446 l.
1195 2386 1216 2462 l,
1239 2391 1270 2445 4.
1322 2384 1394 2464 lpsa

245 2489 390 2551 nobilitas
412 2491 535 2570 generis
557 2512 615 2574 per
637 2512 670 2555 se
691 2491 848 2556 laudanda
869 2503 1008 2553 nonest.
1053 2489 1140 2552 Stob.
1154 2487 1252 2550 Serm.
1268 2490 1348 2548 218:

413 2587 475 2679 ἐγώ
499 2597 566 2677 μέν
589 2590 708 2661 οὔποτ’
719 2593 893 2681 εὐγένειαν
914 2590 1018 2681 ᾔνεσα
1251 2593 1258 2602 ’

413 2691 477 2780 τὴν
498 2694 743 2780 προστάταιοιν
762 2698 940 2786 χρωμένην
960 2693 1118 2772 ἀναξίοις.

243 2795 351 2856 Monet
375 2793 412 2858 de
436 2797 605 2878 fragilitate
628 2799 783 2861 fortunae.
826 2797 904 2860 lbid.
926 2801 1007 2864 stt:

412 2894 627 2986 πολοσπιρῆς
648 2905 733 2983 μέν,
757 2894 782 2965 ὦ
803 2901 923 2986 γέρον,
943 2889 1186 2968 καθ’Ἐλλσὶδσ

413 2996 511 3086 φήμη
533 3003 704 3070 πλανᾶται
728 3003 783 3070 καὶ
810 3002 1003 3088 διέγνωσται
1025 3001 1154 3077 πάλαι,

413 3097 451 3170 τὸ
472 3101 523 3190 μὴ
543 3107 711 3191 βεβαίους
733 3103 796 3180 τοῖς
816 3107 949 3194 βροτῶν
971 3105 1058 3173 εἶναι
1079 3099 1195 3191 τύχαι.

241 3200 288 3264 Cs.
317 3204 414 3267 Clam.
437 3205 591 3268 Alexand.
620 3207 741 3269 Strom.
771 3207 827 3269 vl.
857 3229 889 3288 p.
912 3209 987 3268 623.
1040 3203 1237 3286 Impudentia
1263 3213 1390 3284 praeter

184 3337 192 3352 ·
240 3315 383 3366 naturam
406 3327 511 3370 rerum
533 3311 740 3372 humanarum
762 3310 794 3370 in
818 3307 883 3370 dies
907 3309 1026 3370 crescit.
1075 3307 1163 3370 Stob.
1185 3307 1283 3400 Ssrm.
1308 3307 1389 3366 123:

411 3405 538 3477 ἅπαντ’
554 3415 591 3478 έν
613 3402 846 3496 ανθρώποισιν
866 3407 1044 3497 γηράσκειν
1066 3417 1147 3495 ἔφυ,

409 3512 463 3577 καὶ
488 3508 571 3598 πρὸς
586 3508 743 3598 τελευτήν
765 3520 896 3602 έρχεται
917 3507 981 3596 τήν
1001 3514 1065 3580 τοῦ
1085 3512 1218 3600 χρόνον,

409 3609 511 3698 πλὴν,
532 3613 577 3692 ὥς
599 3623 703 3695 ἔοικε,
726 3619 788 3701 τῆς
810 3609 983 3688 οἷναιδοέσς
1004 3608 1127 3695 μόνον.
1193 3649 1198 3658 ’

409 3711 498 3802 αὕτη
522 3710 565 3797 δ’,
585 3714 714 3807 ὅσῳπερ
736 3717 871 3796 αὔξεται
895 3717 1036 3801 θνητῶν
1056 3715 1179 3802 γένος,Ι

410 3815 530 3904 τοσῷδε
552 3820 674 3902 uulgus
697 3821 851 3905 γίγνεται
876 3810 1120 3900 ιιαδ’ἡγιέραν.“

236 3916 356 3979 Mulier
380 3918 472 3998 boni,
507 3931 562 3983 aut
585 3924 659 3984 mali
681 3921 859 4000 daemonis,
892 3941 986 4004 quam
1012 3918 1148 3982 hominis
1171 3917 1305 3980 similior
1332 3929 1390 3979 est.

237 4019 552 4088 Stob.8erm.1882
618 4037 620 4044 “

407 4124 493 4192 ὅταν
515 4121 587 4212 γάρ.
605 4125 728 4218 ἄλοχον
753 4131 800 4200 εἰς
821 4122 948 4208 δόμους
968 4121 1036 4210 ἄγῃ
1059 4126 1175 4201 πόσις,
1216 4121 1231 4166 ¹⁵

407 4219 486 4313 ou'x,
508 4221 550 4300 ὥς
574 4227 677 4306 δοκεῖ,
698 4240 839 4312 γυναῖκα
864 4223 1036 4309 λαμβάνει
1056 4218 1187 4307 μόνον,

407 4321 498 4407 ὁμοῦ
521 4329 555 4396 δέ
577 4329 657 4415 τῇδέ
679 4323 707 4394 τ’
725 4328 950 4413 εἶσιιογιέζοσαι
974 4321 1110 4412 lapda,

408 4427 618 4512 uuiduiuou'
635 4430 711 4515 ἤτοι
737 4426 897 4519 χρηστόν,
920 4425 941 4512 ἢ
964 4423 1183 4498 τούιιαντέονέ
