3088 5008
245 275 295 349 42

245 455 372 547 Vulgus
390 456 502 522 μ-έον
522 457 625 522 forma
647 454 744 522 nihili.
768 493 810 504 —-
837 454 1021 546 Schweiglc
1050 449 1281 540 ἐξαπαείριυν,
1311 454 1405 521 male.

244 563 438 632 Emendavit
459 560 595 632 Meinek
611 560 658 644 111,
673 586 704 653 p.
720 563 793 630 542.
815 599 858 612 -·
879 560 965 627 κατὰ
983 560 1112 649 χειρῶν.
1135 560 1237 628 Codd
1258 556 1376 649 χειρός.

807 753 834 820 11

328 879 443 947 Athen.
458 880 520 963 IX,
542 905 572 972 p.
588 881 652 948 409
668 881 704 947 E.
732 883 790 946 καὶ
814 878 994 964 Φιλόξενος
1021 881 1057 946 ἐν
1080 881 1125 971 τῷ
1150 881 1404 971 ἐπιγραφομένῳ

243 983 372 1077 Δείπνῳ
399 986 515 1077 φησίν.
565 985 678 1053 ἔπειτα
710 987 745 1053 δέ
776 988 894 1066 παῖδες
913 1027 957 1042 -·
985 984 1158 1066 ἰοθαλέας.
1215 987 1329 1055 Athen.
1350 989 1404 1070 IV,

242 1116 272 1184 p.
291 1095 403 1160 15513.
452 1091 563 1180 Λόγος
590 1094 733 1178 ἐγένετο,
760 1097 859 1162 ποῖον
884 1095 952 1160 ταῖν
979 1090 1112 1161 ὑδάτων
1132 1087 1271 1174 ἥδιστόν
1299 1095 1404 1178 ἐοτινς

243 1201 299 1266 καί
322 1202 388 1266 τῶν
407 1207 468 1288 μέν
489 1201 778 1288 ἐγκωμιαζομένων
799 1201 837 1268 τό
856 1199 926 1268 οίπὸ
949 1203 1007 1284 τῆς
1025 1197 1190 1290 Πειρήνης
1207 1198 1403 1290 όΚαρνεῖος

242 1305 330 1372 κατὰ
356 1306 539 1391 Φιλόξενον
558 1295 666 1375 εἶπεν·
689 1306 733 1374 τό
754 1307 857 1374 κατὰ
876 1309 1037 1397 χειροῖν.
1081 1308 1165 1377 ΡΙυλ.
1190 1331 1296 1400 quom.
1317 1309 1400 1376 adul.

242 1413 282 1478 ab
313 1415 403 1480 amic
433 1418 604 1482 internosc.
628 1440 658 1507 p.
681 1419 751 1482 177.
781 1415 947 1503 Wyltenb.
971 1420 1010 1500 (c.
1028 1415 1077 1500 V)
1105 1414 1139 1480 τί
1163 1415 1200 1480 δέ
1226 1410 1266 1481 οὐ
1292 1415 1402 1500 μέλλει

242 1517 407 1608 φήσομεν;
434 1517 479 1587 όίυ
498 1521 559 1587 τόν
579 1519 749 1602 ἀληθινόν
775 1518 902 1588 κόλακα
929 1525 988 1587 καὶ
1013 1523 1101 1608 μετὰ
1127 1518 1317 1602 δεινότητος
1344 1525 1402 1588 καὶ

242 1629 355 1713 τέχνης·
376 1625 567 1717 ἁπτόμενον
588 1630 648 1694 τοῦ
662 1624 860 1716 πράγματος
877 1626 1057 1716 διώκωμεν,
1072 1625 1158 1694 ἀλλὰ
1177 1627 1223 1716 μὴ
1242 1625 1402 1718 καθάπερ

241 1735 276 1798 οί
295 1734 433 1829 πολλοί,
457 1736 534 1816 τοὺς
555 1731 811 1818 αὐτοληκύθους
833 1733 971 1814 τούτους
992 1737 1185 1823 λεγομένους
1206 1738 1264 1802 καί
1280 1758 1400 1822 τραπε-

242 1839 314 1920 ζέας
336 1847 392 1908 καί
420 1842 465 1910 τὰ
485 1843 594 1912 κατὰ
620 1847 759 1931 χεῖρας
789 1836 894 1931 ίίδωρ
920 1841 1159 1932 ἀκουομένους,
1186 1835 1232 1920 τίς
1259 1865 1309 1920 τις
1330 1831 1400 1910 είιιε

240 1943 386 2027 κόλακας
411 1950 586 2038 νομίζομεν
611 1941 660 2016 οἷν
685 1952 721 2016 ἐν
746 1951 810 2041 μιᾷ
838 1949 921 2037 μετὰ
948 1950 1072 2018 λοπάδι
1098 1952 1155 2016 καλ
1181 1945 1289 2016 κολίαι
1315 1949 1401 2036 μετὰ

210 2075 211 2078 ’
240 2054 451 2142 βωμολοχίας
476 2061 534 2123 καί
561 2055 738 2144 βδελυρίας
766 2055 785 2138 ἦ
814 2054 1034 2144 ἀνελευθερία
1055 2055 1183 2146 γίνεται
1202 2053 1399 2136 κατάδηλος.

239 2198 282 2211 -
303 2163 446 2232 Eustath.
474 2166 533 2233 Od.
558 2160 590 2230 α’
615 2165 685 2231 146.
708 2187 739 2255 p.
754 2166 845 2232 1401.
861 2167 912 2232 45.
941 2158 995 2232 ότι
1017 2165 1053 2231 δέ
1075 2163 1134 2241 τός
1152 2165 1264 2250 χεῖρας
1285 2163 1400 2231 νίπτε-

241 2270 330 2337 σθαι
356 2267 460 2336 κατὰ
478 2270 616 2360 χειρὸς
644 2274 701 2338 καί
728 2269 833 2338 κατὰ
856 2271 1002 2358 χειροῖν
1030 2265 1137 2360 ίίδωρ
1163 2268 1349 2355 λαμβάνειν
1376 2265 1399 2353 ἢ

239 2373 373 2442 διδόναι
396 2372 418 2457 ἢ
445 2376 612 2444 δίδοσθαι
641 2373 663 2458 ἢ
689 2379 830 2466 χεῖσθαι
858 2379 984 2465 ἐλέγετο
1007 2375 1256 2467 παραδιδόασιν
1277 2379 1310 2442 οἱ
1332 2401 1399 2442 ιτα.
1519 2441 1520 2456 ,

238 2480 330 2546 λαιοὶ
356 2481 503 2572 ῥήτορες
519 2482 600 2571 παρ’
625 2475 676 2562 οἷς
702 2481 822 2574 ᾅδεταί
848 2507 898 2561 τις
920 2482 1106 2573 παράσιτος
1126 2481 1400 2570 ἐγκωμιαζόντων

238 2588 339 2654 τινοῖν
358 2597 421 2676 μὲν
443 2590 480 2655 τό
502 2586 571 2656 ἀπὸ
592 2593 719 2678 Λέρνης
740 2584 830 2679 ὕδωρ
851 2592 973 2680 κρηνῆς
991 2587 1161 2678 Ἀργαίας,
1178 2591 1278 2659 τινοῖν
1301 2592 1336 2656 δὲ
1358 2591 1398 2658 td
1519 2583 1520 2588 ί

238 2692 305 2760 ἀπό
325 2694 491 2783 Πειρήνης
513 2701 571 2780 τῆς
592 2697 678 2766 κατὰ
697 2695 883 2786 Κόρινθον,
904 2697 1005 2777 αὐτὸς
1026 2694 1130 2764 εἰπεῖν
1152 2694 1290 2784 όριοιον
1310 2686 1400 2765 εἶναι

237 2801 282 2870 τό
303 2804 409 2870 κατὰ
427 2811 644 2894 χειροῖν.“)
688 2805 801 2873 Athen.
816 2805 879 2889 lV,
902 2831 932 2898 p.
951 2808 1024 2874 410.
1047 2805 1219 2893 ἔκτριμμα.
1234 2845 1278 2854 -
1298 2831 1328 2872 v.
1342 2807 1396 2874 41.

237 2903 462 3003 ίρινομίκτοις]
496 2917 625 2984 Jacobs.
644 2913 732 2983 Nott.
757 2911 833 2984 Mss.
855 2936 957 2981 -τα.
1011 2911 1219 3002 ομήγμαοιν]
1244 2912 1282 2980 al.
1306 2909 1398 2998 ομη-

236 3041 352 3101 μαοιν,
375 3033 406 3088 ct
428 3025 474 3090 sic
490 3023 527 3090 Β.
538 3024 580 3091 Μ.
597 3063 641 3074 --
655 3019 919 3110 χλιαροθαλπές]
939 3019 1136 3088 Meinekius:
1158 3019 1212 3086 De
1241 3041 1395 3087 mensura

166 3175 176 3206 s
236 3129 326 3196 vocis
344 3127 482 3218 χλιαρός
497 3117 543 3198 cf.
567 3127 703 3196 Meinek.
721 3124 814 3195 Com.
830 3125 865 3208 11,
886 3129 912 3193 1.
936 3151 966 3217 p.
983 3129 1024 3192 99
1041 3150 1088 3217 sq.
1113 3127 1172 3198 ubi
1190 3128 1293 3212 etiam
1309 3127 1397 3195 hunc

235 3231 344 3304 locum
359 3240 504 3327 respexit
515 3262 545 3328 p.
559 3238 629 3304 100,
646 3231 830 3322 Schweigh.
849 3231 966 3324 Bergk.
987 3233 1241 3319 γλιεροθαλπές.
1264 3233 1396 3300 Jacobs.
1519 3291 1520 3294 ,

235 3341 330 3408 Anth.
347 3343 420 3410 Vol.
436 3343 488 3426 111,
511 3368 558 3434 ps,
574 3341 602 3426 Ι,
631 3367 661 3431 p.
679 3342 729 3411 33.
763 3341 987 3427 πνριθαλιιές.
1017 3339 1107 3407 Nost.
1132 3339 1207 3406 Mss.
1228 3335 1397 3426 ἡφαιοτο-
1519 3407 1520 3414 η

234 3447 378 3524 θαλπές.
401 3449 493 3516 codd.
512 3447 770 3537 χαιεροθαλπές.
805 3446 1068 3533 χαιιροθαλπές.
1101 3446 1398 3532 χαιροθαλττὲς.-

233 3551 450 3643 ἐπεγχέοντες]
473 3579 556 3622 unus
579 3556 649 3622 cod.
673 3553 927 3640 ἐπεπεγχέοντες.
942 3593 984 3602 -
1014 3577 1045 3620 v.
1064 3554 1115 3619 42.
1160 3548 1296 3640 τόσσον]
1319 3577 1397 3619 cum

234 3659 255 3723 2
279 3659 371 3725 codd.
394 3660 530 3729 Meinek
547 3663 566 3729 l.
583 3663 603 3728 1.
626 3661 752 3752 thgoz
781 3658 890 3726 τόσου.
919 3699 962 3708 —-
995 3661 1067 3748 [τις]
1091 3653 1222 3750 ἔχρῃζ’]
1245 3657 1397 3742 Μείηο1ε,

233 3765 400 3858 BergkiuS.
434 3769 561 3860 Vulgo:
594 3764 745 3857 ἕχρηζευ.
762 3807 805 3820 -
839 3767 1057 3855 ἐκερίμματα]
1081 3790 1165 3833 unus
1194 3770 1265 3835 cod.
1290 3764 1395 3832 Relic.

233 3931 435 3949 Ἣ

271 4030 306 4097 ²²)
324 4031 426 4084 Moeris
444 4033 525 4086 Attio.
545 4029 612 4100 p.6²2
630 4035 673 4086 ed.
691 4033 812 4088 Fischer.
832 4049 883 4083 κατ

231 4113 401 4184 Ἑλληνικαῖς.
438 4121 521 4171 Addit
538 4121 633 4172 Thom.
648 4119 685 4171 M.
703 4113 779 4190 ὕδωρ
798 4112 918 4175 ἐδέξατο.
960 4116 1101 4182 Phrynich.
1116 4117 1222 4184 p.144:
1248 4111 1317 4167 κατὰ
1333 4131 1397 4182 χει-

232 4206 289 4274 ρῶν
318 4205 414 4264 δεινῶς
441 4203 644 4274 ἀνελλιὶνιοτον.
680 4205 736 4259 Cfr.
756 4205 875 4259 Mcinck.
899 4206 933 4261 ad
957 4207 1003 4257 Fr.
1025 4205 1156 4258 Teleclid.
1174 4207 1201 4270 Ι,
1220 4203 1300 4254 Τοιη.
1313 4203 1353 4266 11,
1370 4205 1398 4268 l,

230 4307 258 4360 1¹·
272 4293 326 4348 362
338 4309 396 4360 sqq.
434 4287 466 4361 ἢν
484 4290 576 4365 ὥσπερ
597 4290 671 4366 ὕδωρ
691 4289 760 4346 κατὰ
774 4286 876 4361 χειρός.
912 4291 1030 4348 Lobeck.
1048 4294 1084 4348 ad
1101 4289 1244 4358 Phrynich·
1261 4307 1288 4359 p·
1300 4291 1367 4349 327.
