3072 5012
270 325 343 400 121

267 501 542 590 1111111ιί1τά
570 503 779 596 xcrippcra'
801 511 859 574 ecl
884 509 931 588 sia
959 508 1000 574 cd
1028 505 1215 579 Πολυείδου
1245 509 1433 597 ποιήματα.

266 615 381 685 Facilis
403 614 478 684 hinc
500 637 538 682 ea
561 615 727 684 conclusio
750 616 881 708 prosilit,
903 615 1030 706 Polyidi
1051 627 1202 708 poemata
1221 617 1433 687 Timotheum

267 722 387 792 dolosis
409 721 521 790 sutelis
544 743 583 790 ac
604 723 699 790 variis
722 724 863 816 cujusvis
886 726 1014 814 generis
1029 723 1317 794 machinationibus
1332 724 1433 816 longe

266 851 447 920 superasse,
469 828 648 919 iisdemque
670 827 808 898 artificiis
831 830 997 922 parimodo
1011 832 1071 899 sibi
1084 831 1275 923 popularem
1293 833 1432 922 gratiam

265 934 462 1016 vindicasse,
490 935 604 1027 quihus
632 933 686 1004 illa
713 937 815 1004 utenti
837 935 1009 1005 Timotheo
1039 939 1227 1029 contigerat.
1249 971 1252 976 ·
1277 935 1432 1029 Denique

263 1041 391 1132 Polyidi
412 1044 601 1110 memoriam
621 1051 696 1132 post
717 1041 894 1110 chricum
915 1043 1083 1112 Valesium
1101 1043 1134 1110 in
1148 1041 1304 1110 Emendd.
1320 1067 1353 1134 p.
1367 1047 1432 1111 118

263 1151 385 1241 primus
411 1148 640 1240 redintegravit
661 1171 703 1216 ex
726 1148 921 1234 Censorino,
952 1149 1219 1219 Schneidewinus
1247 1149 1430 1220 inNuncc.

189 1339 200 1350 ,
265 1253 408 1346 Gotting.
434 1253 525 1322 1844.
549 1277 579 1346 p.
596 1255 678 1322 1385
720 1253 848 1346 Polyidi
869 1277 988 1324 nomen
1010 1258 1044 1324 in
1066 1256 1175 1324 locum
1197 1258 1431 1347 corruptissimi
1515 1289 1516 1296 ¹

264 1361 353 1430 verbi
367 1361 499 1429 Pondos
517 1361 559 1448 (h.
574 1385 600 1428 c.
614 1360 758 1447 Polidos)
778 1363 958 1430 restituens.
980 1401 1024 1414 «-
1044 1361 1169 1432 Valcsii
1189 1371 1308 1447 tamen,
1330 1387 1431 1454 mem

264 1491 339 1537 cum
360 1468 517 1536 Erncndd.
534 1466 621 1556 fort.
640 1465 755 1536 Scidit.
777 1473 871 1536 1843
892 1469 1082 1552 scriberem,
1103 1491 1170 1536 non
1190 1467 1308 1540 licebat
1327 1471 1430 1560 inspi-
1515 1481 1516 1496 ¹

264 1597 349 1658 cere,
370 1597 445 1642 cum
466 1572 548 1642 haec
569 1575 633 1642 sint
654 1574 767 1644 verba:
790 1575 875 1660 „Pro
897 1575 1030 1646 Poudos
1052 1575 1255 1666 scaligerum
1272 1574 1430 1666 Polyidos

264 1691 297 1751 et
317 1705 376 1773 pro
398 1680 496 1750 Follis
519 1681 618 1750 Pollis
642 1681 815 1751 emendare
834 1682 1012 1774 exemplari
1033 1705 1093 1750 suo
1116 1682 1204 1774 quod
1224 1683 1258 1750 in
1276 1679 1432 1752 Leidensi

262 1787 463 1859 Bibliotheca
484 1799 632 1858 servatur
653 1789 822 1880 adscripsit
843 1787 919 1857 Ger.
941 1790 993 1856 Jo.
1015 1788 1186 1870 Vossius,”
1216 1789 1326 1856 nescio
1351 1791 1430 1882 quid

263 1894 468 1969 Schneidcw.
490 1883 553 1964 lsl.
577 1896 618 1963 de
641 1895 735 1964 codd.
757 1895 898 1964 lectione
920 1896 979 1962 sibi
1002 1893 1188 1986 gratuletur.

348 2003 522 2096 Reliquum
544 2011 604 2088 est,
627 2011 662 2072 ut
683 2012 813 2070 notetur
832 2000 869 2068 t..
894 2000 1028 2094 Gyroldi
1048 2023 1124 2092 opp.
1147 1999 1241 2068 Tom.
1264 2001 1299 2086 lt,
1314 2027 1346 2095 p.
1363 2004 1431 2071 350

263 2129 363 2190 error,
386 2112 440 2200 qui
463 2109 663 2180 Christodon'
682 2108 829 2179 Thebani
844 2109 913 2176 sive
929 2107 1080 2200 Coptitae
1094 2108 1204 2176 locum
1224 2109 1257 2178 in
1281 2109 1430 2202 ecphrasi

263 2215 508 2286 simulacrorum
532 2239 581 2308 ap.
605 2215 734 2286 Jacobs.
757 2214 885 2283 Anthol.
907 2213 956 2297 lll,
976 2239 1008 2306 p.
1023 2216 1093 2281 162.

786 2319 910 2408 ἔγγυθι
930 2316 964 2384 δ’
988 2316 1094 2388 αὐτοῦ

408 2426 628 2506 Martenoi-oe
650 2423 752 2493 πάλιν
772 2424 872 2508 111111
893 2425 952 2509 ἔην
976 2427 1140 2518 Φοιβηΐδι
1162 2423 1277 2517 δάφνῃ

407 2535 594 2621 κοσμηθεὶς
614 2529 853 2612 Πολύειδος.
1042 2561 1046 2566 ·

265 2640 305 2707 11
321 2640 494 2731 Polyidum
515 2641 780 2732 dithyrambicum
795 2643 901 2709 refert
935 2640 1127 2708 Rectissime
1142 2641 1312 2709 Jacobsius
1332 2639 1370 2709 Τ.
1383 2642 1428 2724 Χ,
1514 2713 1515 2736 1

263 2748 387 2838 P·305
431 2750 564 2841 „Prope
593 2748 726 2818 Hesiodi
757 2759 826 2816 erat
853 2748 1049 2843 Polyidus
1078 2747 1116 2814 io
1149 2746 1296 2815 fabulis
1327 2749 1427 2815 satis
1514 2747 1515 2830 l

263 2862 417 2924 nolus.”
