<?xml version="1.0" encoding="UTF-8"?>
<!DOCTYPE html PUBLIC "-//W3C//DTD XHTML 1.0 Transitional//EN"
    "http://www.w3.org/TR/xhtml1/DTD/xhtml1-transitional.dtd">
<html xmlns="http://www.w3.org/1999/xhtml" xml:lang="en" lang="en">
 <head>
  <title>
</title>
<meta http-equiv="Content-Type" content="text/html;charset=utf-8" />
  <meta name='ocr-system' content='tesseract 3.04.00' />
  <meta name='ocr-capabilities' content='ocr_page ocr_carea ocr_par ocr_line ocrx_word'/>
</head>
<body>
  <div class='ocr_page' id='page_1' title='image "./historiacritica01kaysgoog_0270.png"; bbox 0 0 3076 4998; ppageno 0'>
   <div class='ocr_carea' id='block_1_1' title="bbox 718 295 884 426">
    <p class='ocr_par' dir='ltr' id='par_1_1' title="bbox 718 295 884 426">
     <span class='ocr_line' id='line_1_1' title="bbox 718 295 884 426; baseline 0.036 -6"><span class='ocrx_word' id='word_1_1' title='bbox 718 295 884 426; x_wconf 56' lang='lat' dir='ltr'><strong>,crs</strong></span> 
     </span>
    </p>
   </div>
   <div class='ocr_carea' id='block_1_2' title="bbox 219 533 1459 3514">
    <p class='ocr_par' dir='ltr' id='par_1_2' title="bbox 219 533 1459 2261">
     <span class='ocr_line' id='line_1_2' title="bbox 267 533 1414 624; baseline 0.001 -21"><span class='ocrx_word' id='word_1_2' title='bbox 267 551 328 619; x_wconf 88' lang='lat' dir='ltr'><strong>rat,</strong></span> <span class='ocrx_word' id='word_1_3' title='bbox 348 552 454 604; x_wconf 86' lang='lat' dir='ltr'><strong>tamen</strong></span> <span class='ocrx_word' id='word_1_4' title='bbox 477 537 685 624; x_wconf 81' lang='lat' dir='ltr'><strong>nescioquas</strong></span> <span class='ocrx_word' id='word_1_5' title='bbox 705 535 871 614; x_wconf 72' lang='lat' dir='ltr'>subtilitas,</span> <span class='ocrx_word' id='word_1_6' title='bbox 892 535 945 600; x_wconf 82' lang='lat' dir='ltr'><strong>vel</strong></span> <span class='ocrx_word' id='word_1_7' title='bbox 965 533 1101 601; x_wconf 75' lang='lat' dir='ltr'><strong>suatim</strong></span> <span class='ocrx_word' id='word_1_8' title='bbox 1124 535 1159 600; x_wconf 83' lang='lat' dir='ltr'><strong>in</strong></span> <span class='ocrx_word' id='word_1_9' title='bbox 1181 535 1414 622; x_wconf 74' lang='lat' dir='ltr'><strong>comparatione</strong></span> 
     </span>
     <span class='ocr_line' id='line_1_3' title="bbox 269 639 1413 723; baseline 0 -17"><span class='ocrx_word' id='word_1_10' title='bbox 269 645 368 722; x_wconf 86' lang='lat' dir='ltr'><strong>inest,</strong></span> <span class='ocrx_word' id='word_1_11' title='bbox 403 663 472 705; x_wconf 91' lang='lat' dir='ltr'><strong>cum</strong></span> <span class='ocrx_word' id='word_1_12' title='bbox 495 640 676 722; x_wconf 87' lang='lat' dir='ltr'><strong>Cleophon,</strong></span> <span class='ocrx_word' id='word_1_13' title='bbox 712 642 761 704; x_wconf 92' lang='lat' dir='ltr'><strong>cui</strong></span> <span class='ocrx_word' id='word_1_14' title='bbox 783 652 974 723; x_wconf 71' lang='lat' dir='ltr'><strong>spectatores</strong></span> <span class='ocrx_word' id='word_1_15' title='bbox 998 639 1192 720; x_wconf 83' lang='lat' dir='ltr'><strong>comoediae,</strong></span> <span class='ocrx_word' id='word_1_16' title='bbox 1224 645 1358 708; x_wconf 82' lang='lat' dir='ltr'><strong>uiuitutn</strong></span> <span class='ocrx_word' id='word_1_17' title='bbox 1381 646 1413 707; x_wconf 91' lang='lat' dir='ltr'><strong>in</strong></span> 
     </span>
     <span class='ocr_line' id='line_1_4' title="bbox 268 744 1414 829; baseline 0.003 -19"><span class='ocrx_word' id='word_1_18' title='bbox 268 745 467 810; x_wconf 75' lang='lat' dir='ltr'><strong>aestimandis</strong></span> <span class='ocrx_word' id='word_1_19' title='bbox 489 744 537 808; x_wconf 88' lang='lat' dir='ltr'><strong>illi</strong></span> <span class='ocrx_word' id='word_1_20' title='bbox 559 747 710 827; x_wconf 68' lang='lat' dir='ltr'><strong>poematis</strong></span> <span class='ocrx_word' id='word_1_21' title='bbox 733 747 792 809; x_wconf 87' lang='lat' dir='ltr'><strong>eibi</strong></span> <span class='ocrx_word' id='word_1_22' title='bbox 814 757 988 823; x_wconf 82' lang='lat' dir='ltr'><strong>sumentes,</strong></span> <span class='ocrx_word' id='word_1_23' title='bbox 1007 745 1137 808; x_wconf 73' lang='lat' dir='ltr'><strong>honoris</strong></span> <span class='ocrx_word' id='word_1_24' title='bbox 1158 747 1304 829; x_wconf 83' lang='lat' dir='ltr'><strong>cupidine</strong></span> <span class='ocrx_word' id='word_1_25' title='bbox 1326 761 1414 813; x_wconf 88' lang='lat' dir='ltr'><strong>ante·</strong></span> 
     </span>
     <span class='ocr_line' id='line_1_5' title="bbox 268 849 1416 934; baseline 0.002 -20"><span class='ocrx_word' id='word_1_26' title='bbox 268 855 382 914; x_wconf 87' lang='lat' dir='ltr'><strong>cellere</strong></span> <span class='ocrx_word' id='word_1_27' title='bbox 403 850 559 930; x_wconf 89' lang='lat' dir='ltr'><strong>dicuntur,</strong></span> <span class='ocrx_word' id='word_1_28' title='bbox 580 871 645 913; x_wconf 90' lang='lat' dir='ltr'><strong>non</strong></span> <span class='ocrx_word' id='word_1_29' title='bbox 668 850 905 932; x_wconf 80' lang='lat' dir='ltr'><strong>perturbatione</strong></span> <span class='ocrx_word' id='word_1_30' title='bbox 926 869 1034 912; x_wconf 77' lang='lat' dir='ltr'><strong>certant</strong></span> <span class='ocrx_word' id='word_1_31' title='bbox 1056 849 1205 928; x_wconf 83' lang='lat' dir='ltr'><strong>ciuiliuui,</strong></span> <span class='ocrx_word' id='word_1_32' title='bbox 1232 851 1286 914; x_wconf 88' lang='lat' dir='ltr'><strong>aed</strong></span> <span class='ocrx_word' id='word_1_33' title='bbox 1308 855 1416 934; x_wconf 82' lang='lat' dir='ltr'><strong>cogni·</strong></span> 
     </span>
     <span class='ocr_line' id='line_1_6' title="bbox 267 953 1415 1037; baseline 0.001 -18"><span class='ocrx_word' id='word_1_34' title='bbox 267 958 355 1020; x_wconf 87' lang='lat' dir='ltr'><strong>tione</strong></span> <span class='ocrx_word' id='word_1_35' title='bbox 381 977 417 1018; x_wconf 89' lang='lat' dir='ltr'><strong>ac</strong></span> <span class='ocrx_word' id='word_1_36' title='bbox 443 953 549 1018; x_wconf 89' lang='lat' dir='ltr'><strong>studio</strong></span> <span class='ocrx_word' id='word_1_37' title='bbox 576 957 679 1037; x_wconf 84' lang='lat' dir='ltr'><strong>poe&#39;sis</strong></span> <span class='ocrx_word' id='word_1_38' title='bbox 707 955 853 1018; x_wconf 77' lang='lat' dir='ltr'><strong>rideatur</strong></span> <span class='ocrx_word' id='word_1_39' title='bbox 873 954 1004 1034; x_wconf 81' lang='lat' dir='ltr'><strong>insignis</strong></span> <span class='ocrx_word' id='word_1_40' title='bbox 1024 975 1091 1016; x_wconf 85' lang='lat' dir='ltr'><strong>esse</strong></span> <span class='ocrx_word' id='word_1_41' title='bbox 1114 956 1261 1018; x_wconf 81' lang='lat' dir='ltr'><strong>voluisse.</strong></span> <span class='ocrx_word' id='word_1_42' title='bbox 1304 959 1415 1036; x_wconf 85' lang='lat' dir='ltr'><strong>Porro,</strong></span> 
     </span>
     <span class='ocr_line' id='line_1_7' title="bbox 269 1057 1416 1143; baseline 0.001 -21"><span class='ocrx_word' id='word_1_43' title='bbox 269 1067 349 1143; x_wconf 80' lang='lat' dir='ltr'><strong>&#39;quae</strong></span> <span class='ocrx_word' id='word_1_44' title='bbox 371 1057 411 1122; x_wconf 90' lang='lat' dir='ltr'><strong>de</strong></span> <span class='ocrx_word' id='word_1_45' title='bbox 426 1057 605 1120; x_wconf 85' lang='lat' dir='ltr'><strong>hirundinis</strong></span> <span class='ocrx_word' id='word_1_46' title='bbox 623 1060 778 1124; x_wconf 82' lang='lat' dir='ltr'><strong>cantilena</strong></span> <span class='ocrx_word' id='word_1_47' title='bbox 800 1057 898 1137; x_wconf 87' lang='lat' dir='ltr'><strong>addit,</strong></span> <span class='ocrx_word' id='word_1_48' title='bbox 919 1059 970 1120; x_wconf 87' lang='lat' dir='ltr'><strong>cui</strong></span> <span class='ocrx_word' id='word_1_49' title='bbox 987 1075 1091 1120; x_wconf 86' lang='lat' dir='ltr'><strong>sermo</strong></span> <span class='ocrx_word' id='word_1_50' title='bbox 1107 1057 1314 1140; x_wconf 79' lang='lat' dir='ltr'><strong>Cleophantis</strong></span> <span class='ocrx_word' id='word_1_51' title='bbox 1331 1079 1416 1123; x_wconf 85' lang='lat' dir='ltr'><strong>cour·</strong></span> 
     </span>
     <span class='ocr_line' id='line_1_8' title="bbox 266 1162 1415 1246; baseline 0.001 -21"><span class='ocrx_word' id='word_1_52' title='bbox 266 1176 414 1246; x_wconf 86' lang='lat' dir='ltr'><strong>paratur,</strong></span> <span class='ocrx_word' id='word_1_53' title='bbox 439 1183 474 1226; x_wconf 88' lang='lat' dir='ltr'><strong>oa</strong></span> <span class='ocrx_word' id='word_1_54' title='bbox 496 1164 599 1225; x_wconf 87' lang='lat' dir='ltr'><strong>minua</strong></span> <span class='ocrx_word' id='word_1_55' title='bbox 620 1165 655 1224; x_wconf 91' lang='lat' dir='ltr'><strong>in</strong></span> <span class='ocrx_word' id='word_1_56' title='bbox 676 1165 836 1226; x_wconf 89' lang='lat' dir='ltr'><strong>orationes</strong></span> <span class='ocrx_word' id='word_1_57' title='bbox 857 1164 1014 1240; x_wconf 82' lang='lat' dir='ltr'><strong>forenses,</strong></span> <span class='ocrx_word' id='word_1_58' title='bbox 1035 1181 1130 1244; x_wconf 63' lang='lat' dir='ltr'><strong>mna</strong></span> <span class='ocrx_word' id='word_1_59' title='bbox 1151 1162 1186 1224; x_wconf 86' lang='lat' dir='ltr'><strong>in</strong></span> <span class='ocrx_word' id='word_1_60' title='bbox 1208 1164 1346 1226; x_wconf 87' lang='lat' dir='ltr'><strong>carmina</strong></span> <span class='ocrx_word' id='word_1_61' title='bbox 1365 1186 1415 1226; x_wconf 87' lang='lat' dir='ltr'><strong>ca·</strong></span> 
     </span>
     <span class='ocr_line' id='line_1_9' title="bbox 268 1264 1415 1350; baseline 0.002 -22"><span class='ocrx_word' id='word_1_62' title='bbox 268 1265 348 1328; x_wconf 90' lang='lat' dir='ltr'><strong>dunt</strong></span> <span class='ocrx_word' id='word_1_63' title='bbox 360 1265 399 1345; x_wconf 81' lang='lat'><strong>¹1).</strong></span> <span class='ocrx_word' id='word_1_64' title='bbox 443 1264 579 1328; x_wconf 43' lang='lat' dir='ltr'><strong>Accedit*</strong></span> <span class='ocrx_word' id='word_1_65' title='bbox 593 1266 679 1350; x_wconf 90' lang='lat' dir='ltr'><strong>quod</strong></span> <span class='ocrx_word' id='word_1_66' title='bbox 698 1268 862 1350; x_wconf 88' lang='lat' dir='ltr'><strong>Cleophon</strong></span> <span class='ocrx_word' id='word_1_67' title='bbox 885 1287 922 1329; x_wconf 87' lang='lat' dir='ltr'><strong>ea</strong></span> <span class='ocrx_word' id='word_1_68' title='bbox 943 1265 1157 1344; x_wconf 68' lang='lat' dir='ltr'><strong>aetateuixit,</strong></span> <span class='ocrx_word' id='word_1_69' title='bbox 1178 1285 1240 1348; x_wconf 80' lang='lat' dir='ltr'><strong>(pra</strong></span> <span class='ocrx_word' id='word_1_70' title='bbox 1259 1269 1415 1348; x_wconf 81' lang='lat' dir='ltr'><strong>tragicum</strong></span> 
     </span>
     <span class='ocr_line' id='line_1_10' title="bbox 266 1367 1416 1454; baseline -0.002 -22"><span class='ocrx_word' id='word_1_71' title='bbox 266 1369 402 1448; x_wconf 80' lang='lat' dir='ltr'><strong>uiguisse</strong></span> <span class='ocrx_word' id='word_1_72' title='bbox 425 1370 614 1448; x_wconf 84' lang='lat' dir='ltr'><strong>conjicimus,</strong></span> <span class='ocrx_word' id='word_1_73' title='bbox 635 1368 784 1454; x_wconf 85' lang='lat' dir='ltr'><strong>quodque</strong></span> <span class='ocrx_word' id='word_1_74' title='bbox 806 1371 839 1432; x_wconf 90' lang='lat' dir='ltr'><strong>in</strong></span> <span class='ocrx_word' id='word_1_75' title='bbox 862 1368 1048 1449; x_wconf 87' lang='lat' dir='ltr'><strong>tragoediae,</strong></span> <span class='ocrx_word' id='word_1_76' title='bbox 1069 1367 1097 1431; x_wconf 84' lang='lat' dir='ltr'><strong>ei</strong></span> <span class='ocrx_word' id='word_1_77' title='bbox 1119 1371 1198 1450; x_wconf 81' lang='lat' dir='ltr'><strong>quas</strong></span> <span class='ocrx_word' id='word_1_78' title='bbox 1218 1368 1357 1449; x_wconf 79' lang='lat' dir='ltr'><strong>scripsit,</strong></span> <span class='ocrx_word' id='word_1_79' title='bbox 1375 1370 1416 1430; x_wconf 84' lang='lat' dir='ltr'><strong>il-</strong></span> 
     </span>
     <span class='ocr_line' id='line_1_11' title="bbox 267 1469 1415 1554; baseline 0.003 -22"><span class='ocrx_word' id='word_1_80' title='bbox 267 1471 554 1553; x_wconf 76' lang='lat' dir='ltr'><strong>lasproprietatea,</strong></span> <span class='ocrx_word' id='word_1_81' title='bbox 581 1493 661 1554; x_wconf 87' lang='lat' dir='ltr'><strong>quae</strong></span> <span class='ocrx_word' id='word_1_82' title='bbox 683 1473 717 1534; x_wconf 86' lang='lat' dir='ltr'><strong>in</strong></span> <span class='ocrx_word' id='word_1_83' title='bbox 739 1473 796 1535; x_wconf 92' lang='lat' dir='ltr'><strong>illo</strong></span> <span class='ocrx_word' id='word_1_84' title='bbox 815 1471 985 1535; x_wconf 82' lang='lat' dir='ltr'><strong>laudantur</strong></span> <span class='ocrx_word' id='word_1_85' title='bbox 1007 1469 1073 1533; x_wconf 89' lang='lat' dir='ltr'><strong>aine</strong></span> <span class='ocrx_word' id='word_1_86' title='bbox 1096 1469 1202 1548; x_wconf 83' lang='lat' dir='ltr'><strong>dubio,</strong></span> <span class='ocrx_word' id='word_1_87' title='bbox 1226 1473 1415 1536; x_wconf 74' lang='lat' dir='ltr'><strong>transferret</strong></span> 
     </span>
     <span class='ocr_line' id='line_1_12' title="bbox 219 1561 1416 1660; baseline 0.003 -24"><span class='ocrx_word' id='word_1_88' title='bbox 219 1561 222 1570; x_wconf 49' lang='lat'><strong><em>¹</em></strong></span> <span class='ocrx_word' id='word_1_89' title='bbox 267 1595 391 1638; x_wconf 86' lang='lat' dir='ltr'><strong>neccsse</strong></span> <span class='ocrx_word' id='word_1_90' title='bbox 414 1575 490 1654; x_wconf 82' lang='lat' dir='ltr'><strong>fuit3</strong></span> <span class='ocrx_word' id='word_1_91' title='bbox 515 1575 632 1638; x_wconf 91' lang='lat' dir='ltr'><strong>accedit</strong></span> <span class='ocrx_word' id='word_1_92' title='bbox 654 1589 824 1655; x_wconf 87' lang='lat' dir='ltr'><strong>oratorum,</strong></span> <span class='ocrx_word' id='word_1_93' title='bbox 847 1577 990 1659; x_wconf 84' lang='lat' dir='ltr'><strong>quitum</strong></span> <span class='ocrx_word' id='word_1_94' title='bbox 1012 1586 1110 1652; x_wconf 79' lang='lat' dir='ltr'><strong>erent,</strong></span> <span class='ocrx_word' id='word_1_95' title='bbox 1132 1574 1336 1652; x_wconf 82' lang='lat' dir='ltr'><strong>consuetudo,</strong></span> <span class='ocrx_word' id='word_1_96' title='bbox 1357 1579 1416 1660; x_wconf 89' lang='lat' dir='ltr'><strong>q&#39;ui</strong></span> 
     </span>
     <span class='ocr_line' id='line_1_13' title="bbox 267 1677 1415 1763; baseline -0.001 -21"><span class='ocrx_word' id='word_1_97' title='bbox 267 1680 301 1742; x_wconf 91' lang='lat' dir='ltr'><strong>in</strong></span> <span class='ocrx_word' id='word_1_98' title='bbox 331 1677 421 1760; x_wconf 80' lang='lat' dir='ltr'><strong>poe&#39;si</strong></span> <span class='ocrx_word' id='word_1_99' title='bbox 451 1679 568 1761; x_wconf 75' lang='lat' dir='ltr'><strong>tragica</strong></span> <span class='ocrx_word' id='word_1_100' title='bbox 598 1701 727 1763; x_wconf 88' lang='lat' dir='ltr'><strong>operam</strong></span> <span class='ocrx_word' id='word_1_101' title='bbox 755 1682 887 1744; x_wconf 89' lang='lat' dir='ltr'><strong>multum</strong></span> <span class='ocrx_word' id='word_1_102' title='bbox 913 1680 1116 1742; x_wconf 83' lang='lat' dir='ltr'><strong>collocabant.</strong></span> <span class='ocrx_word' id='word_1_103' title='bbox 1140 1679 1415 1758; x_wconf 85' lang='lat' dir='ltr'><strong>.M&#39;einekiua‚</strong></span> 
     </span>
     <span class='ocr_line' id='line_1_14' title="bbox 268 1778 1415 1865; baseline 0.001 -21"><span class='ocrx_word' id='word_1_104' title='bbox 268 1803 338 1845; x_wconf 87' lang='lat' dir='ltr'><strong>cum</strong></span> <span class='ocrx_word' id='word_1_105' title='bbox 362 1779 401 1845; x_wconf 90' lang='lat' dir='ltr'><strong>de</strong></span> <span class='ocrx_word' id='word_1_106' title='bbox 423 1783 490 1848; x_wconf 87' lang='lat' dir='ltr'><strong>uita</strong></span> <span class='ocrx_word' id='word_1_107' title='bbox 512 1787 576 1861; x_wconf 85' lang='lat' dir='ltr'><strong>ejus</strong></span> <span class='ocrx_word' id='word_1_108' title='bbox 598 1786 691 1865; x_wconf 85' lang='lat' dir='ltr'><strong>plura</strong></span> <span class='ocrx_word' id='word_1_109' title='bbox 713 1783 870 1865; x_wconf 85' lang='lat' dir='ltr'><strong>disputet,</strong></span> <span class='ocrx_word' id='word_1_110' title='bbox 902 1783 1056 1864; x_wconf 71' lang='lat' dir='ltr'><strong>politicam</strong></span> <span class='ocrx_word' id='word_1_111' title='bbox 1085 1778 1224 1844; x_wconf 87' lang='lat' dir='ltr'><strong>indolem</strong></span> <span class='ocrx_word' id='word_1_112' title='bbox 1254 1783 1415 1862; x_wconf 85' lang='lat' dir='ltr'><strong>oinittens,</strong></span> 
     </span>
     <span class='ocr_line' id='line_1_15' title="bbox 267 1881 1414 1978; baseline 0.002 -30"><span class='ocrx_word' id='word_1_113' title='bbox 267 1907 306 1948; x_wconf 88' lang='lat' dir='ltr'><strong>na</strong></span> <span class='ocrx_word' id='word_1_114' title='bbox 329 1885 505 1968; x_wconf 84' lang='lat' dir='ltr'><strong>suspicatur</strong></span> <span class='ocrx_word' id='word_1_115' title='bbox 527 1885 670 1969; x_wconf 85' lang='lat' dir='ltr'><strong>quidem,</strong></span> <span class='ocrx_word' id='word_1_116' title='bbox 700 1896 825 1969; x_wconf 74' lang='lat' dir='ltr'><strong>poetam</strong></span> <span class='ocrx_word' id='word_1_117' title='bbox 855 1897 950 1968; x_wconf 81' lang='lat' dir='ltr'><strong>atque</strong></span> <span class='ocrx_word' id='word_1_118' title='bbox 979 1895 1137 1945; x_wconf 86' lang='lat' dir='ltr'><strong>oratorem</strong></span> <span class='ocrx_word' id='word_1_119' title='bbox 1157 1881 1292 1948; x_wconf 81' lang='lat' dir='ltr'><strong>eundem</strong></span> <span class='ocrx_word' id='word_1_120' title='bbox 1316 1885 1414 1978; x_wconf 70' lang='lat' dir='ltr'><strong>spisse</strong></span> 
     </span>
     <span class='ocr_line' id='line_1_16' title="bbox 268 1987 1459 2078; baseline -0.002 -26"><span class='ocrx_word' id='word_1_121' title='bbox 268 1992 381 2057; x_wconf 81' lang='lat' dir='ltr'><strong>uirum,</strong></span> <span class='ocrx_word' id='word_1_122' title='bbox 425 1989 601 2053; x_wconf 73' lang='lat' dir='ltr'><strong>Bisacnt.</strong></span> <span class='ocrx_word' id='word_1_123' title='bbox 623 1991 742 2071; x_wconf 72' lang='lat' dir='ltr'><strong>pulit.</strong></span> <span class='ocrx_word' id='word_1_124' title='bbox 786 1989 972 2051; x_wconf 85' lang='lat' dir='ltr'><strong>Distiuctius</strong></span> <span class='ocrx_word' id='word_1_125' title='bbox 993 1987 1255 2070; x_wconf 72' lang='lat' dir='ltr'><strong>Tyr-wlsinus</strong></span> <span class='ocrx_word' id='word_1_126' title='bbox 1276 1987 1316 2052; x_wconf 77' lang='lat' dir='ltr'><strong>td</strong></span> <span class='ocrx_word' id='word_1_127' title='bbox 1339 1989 1414 2051; x_wconf 73' lang='lat' dir='ltr'><strong>Asi-</strong></span> <span class='ocrx_word' id='word_1_128' title='bbox 1454 2067 1459 2078; x_wconf 25' lang='grc' dir='ltr'><strong>ι</strong></span> 
     </span>
     <span class='ocr_line' id='line_1_17' title="bbox 268 2091 1414 2174; baseline -0.001 -19"><span class='ocrx_word' id='word_1_129' title='bbox 268 2107 340 2159; x_wconf 82' lang='lat' dir='ltr'><strong>stot.</strong></span> <span class='ocrx_word' id='word_1_130' title='bbox 361 2095 450 2156; x_wconf 82' lang='lat' dir='ltr'><strong>Poe‘t.</strong></span> <span class='ocrx_word' id='word_1_131' title='bbox 472 2091 580 2174; x_wconf 72' lang='lat' dir='ltr'><strong>past</strong></span> <span class='ocrx_word' id='word_1_132' title='bbox 606 2105 637 2154; x_wconf 91' lang='lat' dir='ltr'><strong>et</strong></span> <span class='ocrx_word' id='word_1_133' title='bbox 657 2093 999 2156; x_wconf 79' lang='lat' dir='ltr'><strong>Wests&#39;rmanuus</strong></span> <span class='ocrx_word' id='word_1_134' title='bbox 1021 2091 1158 2152; x_wconf 84' lang='lat' dir='ltr'><strong>alterum</strong></span> <span class='ocrx_word' id='word_1_135' title='bbox 1178 2092 1218 2154; x_wconf 89' lang='lat' dir='ltr'><strong>ab</strong></span> <span class='ocrx_word' id='word_1_136' title='bbox 1237 2092 1342 2154; x_wconf 75' lang='lat' dir='ltr'><strong>altero</strong></span> <span class='ocrx_word' id='word_1_137' title='bbox 1358 2094 1414 2154; x_wconf 83' lang='lat' dir='ltr'><strong>ha·</strong></span> 
     </span>
     <span class='ocr_line' id='line_1_18' title="bbox 268 2195 534 2261; baseline -0.004 -2"><span class='ocrx_word' id='word_1_138' title='bbox 268 2199 344 2260; x_wconf 87' lang='lat' dir='ltr'><strong>bant</strong></span> <span class='ocrx_word' id='word_1_139' title='bbox 366 2195 534 2261; x_wconf 80' lang='lat' dir='ltr'><strong>diversum.</strong></span> 
     </span>
    </p>

    <p class='ocr_par' dir='ltr' id='par_1_3' title="bbox 265 2298 1415 3514">
     <span class='ocr_line' id='line_1_19' title="bbox 354 2298 1414 2383; baseline 0.001 -19"><span class='ocrx_word' id='word_1_140' title='bbox 354 2299 446 2364; x_wconf 90' lang='lat' dir='ltr'><strong>Nunc</strong></span> <span class='ocrx_word' id='word_1_141' title='bbox 464 2299 571 2362; x_wconf 80' lang='lat' dir='ltr'><strong>decern</strong></span> <span class='ocrx_word' id='word_1_142' title='bbox 589 2298 765 2361; x_wconf 76' lang='lat' dir='ltr'><strong>fabularum</strong></span> <span class='ocrx_word' id='word_1_143' title='bbox 777 2299 911 2362; x_wconf 83' lang='lat' dir='ltr'><strong>nomina</strong></span> <span class='ocrx_word' id='word_1_144' title='bbox 926 2317 1231 2383; x_wconf 72' lang='lat' dir='ltr'><strong>apponamus,.qnae</strong></span> <span class='ocrx_word' id='word_1_145' title='bbox 1247 2298 1414 2364; x_wconf 72' lang='lat' dir='ltr'><strong>inordina</strong></span> 
     </span>
     <span class='ocr_line' id='line_1_20' title="bbox 268 2400 1415 2492; baseline -0.003 -24"><span class='ocrx_word' id='word_1_146' title='bbox 268 2405 443 2487; x_wconf 81' lang='lat' dir='ltr'><strong>exemplari</strong></span> <span class='ocrx_word' id='word_1_147' title='bbox 464 2403 552 2468; x_wconf 82' lang='lat' dir='ltr'><strong>said.</strong></span> <span class='ocrx_word' id='word_1_148' title='bbox 570 2423 595 2466; x_wconf 92' lang='lat' dir='ltr'><strong>s.</strong></span> <span class='ocrx_word' id='word_1_149' title='bbox 607 2423 637 2468; x_wconf 86' lang='lat' dir='ltr'><strong>v.</strong></span> <span class='ocrx_word' id='word_1_150' title='bbox 658 2406 825 2484; x_wconf 76' lang='lat' dir='ltr'><strong>leguntur:</strong></span> <span class='ocrx_word' id='word_1_151' title='bbox 845 2402 1028 2481; x_wconf 75' lang='grc' dir='ltr'><strong>Ἀκταίων,</strong></span> <span class='ocrx_word' id='word_1_152' title='bbox 1046 2400 1282 2492; x_wconf 70' lang='grc' dir='ltr'><strong>Ἀμφιάραος,</strong></span> <span class='ocrx_word' id='word_1_153' title='bbox 1297 2401 1415 2490; x_wconf 52' lang='lat' dir='ltr'><strong>&#39;Apris</strong></span> 
     </span>
     <span class='ocr_line' id='line_1_21' title="bbox 267 2502 1413 2594; baseline 0.003 -23"><span class='ocrx_word' id='word_1_154' title='bbox 267 2502 361 2587; x_wconf 77' lang='grc' dir='ltr'><strong>λεύς,</strong></span> <span class='ocrx_word' id='word_1_155' title='bbox 383 2503 538 2594; x_wconf 81' lang='grc' dir='ltr'><strong><em>Βάκχαι,</em></strong></span> <span class='ocrx_word' id='word_1_156' title='bbox 564 2505 769 2591; x_wconf 73' lang='grc' dir='ltr'><strong>Δεξαμενὸς,</strong></span> <span class='ocrx_word' id='word_1_157' title='bbox 795 2503 976 2593; x_wconf 79' lang='grc' dir='ltr'><strong>Ἠριγίνη,</strong></span> <span class='ocrx_word' id='word_1_158' title='bbox 1008 2509 1178 2593; x_wconf 72' lang='grc' dir='ltr'><strong>Θυέστης,</strong></span> <span class='ocrx_word' id='word_1_159' title='bbox 1199 2505 1413 2586; x_wconf 67' lang='grc' dir='ltr'><strong><em>Λεύκιππος,</em></strong></span> 
     </span>
     <span class='ocr_line' id='line_1_22' title="bbox 268 2603 1413 2696; baseline 0.003 -24"><span class='ocrx_word' id='word_1_160' title='bbox 268 2605 413 2692; x_wconf 73' lang='grc' dir='ltr'><em>Περσίς,</em></span> <span class='ocrx_word' id='word_1_161' title='bbox 450 2605 603 2691; x_wconf 76' lang='grc' dir='ltr'><em>Τήλεφος</em></span> <span class='ocrx_word' id='word_1_162' title='bbox 619 2606 658 2693; x_wconf 72' lang='lat'><strong>²).</strong></span> <span class='ocrx_word' id='word_1_163' title='bbox 712 2607 870 2686; x_wconf 89' lang='lat' dir='ltr'><strong>Eudocia,</strong></span> <span class='ocrx_word' id='word_1_164' title='bbox 900 2611 979 2672; x_wconf 87' lang='lat' dir='ltr'><strong>sicut</strong></span> <span class='ocrx_word' id='word_1_165' title='bbox 1011 2609 1126 2672; x_wconf 86' lang='lat' dir='ltr'><strong>rectius</strong></span> <span class='ocrx_word' id='word_1_166' title='bbox 1156 2603 1334 2696; x_wconf 57' lang='grc' dir='ltr'><strong>’Ἠριγόνῃ</strong></span> <span class='ocrx_word' id='word_1_167' title='bbox 1351 2633 1413 2691; x_wconf 85' lang='lat' dir='ltr'><strong>pro</strong></span> 
     </span>
     <span class='ocr_line' id='line_1_23' title="bbox 265 2706 1413 2798; baseline 0 -22"><span class='ocrx_word' id='word_1_168' title='bbox 265 2706 428 2798; x_wconf 74' lang='lat' dir='ltr'><strong>’Hptyr&#39;op</strong></span> <span class='ocrx_word' id='word_1_169' title='bbox 456 2709 599 2792; x_wconf 84' lang='lat' dir='ltr'><strong>scripsit,</strong></span> <span class='ocrx_word' id='word_1_170' title='bbox 631 2709 675 2772; x_wconf 89' lang='lat' dir='ltr'><strong>sic</strong></span> <span class='ocrx_word' id='word_1_171' title='bbox 704 2713 828 2796; x_wconf 64' lang='grc' dir='ltr'><em>Πέρση·</em></span> <span class='ocrx_word' id='word_1_172' title='bbox 848 2713 881 2773; x_wconf 89' lang='lat' dir='ltr'><strong>in</strong></span> <span class='ocrx_word' id='word_1_173' title='bbox 903 2706 1055 2797; x_wconf 77' lang='lat' dir='ltr'><strong>Hepusda</strong></span> <span class='ocrx_word' id='word_1_174' title='bbox 1077 2713 1228 2794; x_wconf 80' lang='lat' dir='ltr'><strong>corrupit.</strong></span> <span class='ocrx_word' id='word_1_175' title='bbox 1268 2715 1311 2776; x_wconf 84' lang='lat' dir='ltr'><strong>At</strong></span> <span class='ocrx_word' id='word_1_176' title='bbox 1328 2716 1413 2778; x_wconf 86' lang='lat' dir='ltr'><strong>scri·</strong></span> 
     </span>
     <span class='ocr_line' id='line_1_24' title="bbox 267 2813 1413 2898; baseline 0.006 -25"><span class='ocrx_word' id='word_1_177' title='bbox 267 2825 363 2895; x_wconf 84' lang='lat' dir='ltr'><strong>ptura</strong></span> <span class='ocrx_word' id='word_1_178' title='bbox 384 2815 603 2876; x_wconf 85' lang='lat' dir='ltr'><strong>Hermanni</strong></span> <span class='ocrx_word' id='word_1_179' title='bbox 627 2813 666 2877; x_wconf 92' lang='lat' dir='ltr'><strong>ad</strong></span> <span class='ocrx_word' id='word_1_180' title='bbox 690 2815 822 2879; x_wconf 78' lang='lat' dir='ltr'><strong>Aristot.</strong></span> <span class='ocrx_word' id='word_1_181' title='bbox 845 2818 933 2880; x_wconf 81' lang='lat' dir='ltr'><strong>Po‘e&#39;t.</strong></span> <span class='ocrx_word' id='word_1_182' title='bbox 955 2837 988 2897; x_wconf 91' lang='lat' dir='ltr'><strong>p.</strong></span> <span class='ocrx_word' id='word_1_183' title='bbox 1012 2820 1250 2898; x_wconf 66' lang='lat' dir='ltr'><strong>torpescunt,</strong></span> <span class='ocrx_word' id='word_1_184' title='bbox 1279 2839 1298 2879; x_wconf 92' lang='lat' dir='ltr'><strong>a</strong></span> <span class='ocrx_word' id='word_1_185' title='bbox 1319 2817 1413 2886; x_wconf 82' lang='lat' dir='ltr'><strong>Mei·</strong></span> 
     </span>
     <span class='ocr_line' id='line_1_25' title="bbox 268 2916 1413 3000; baseline 0.005 -22"><span class='ocrx_word' id='word_1_186' title='bbox 268 2917 396 2979; x_wconf 87' lang='lat' dir='ltr'><strong>nekio</strong></span> <span class='ocrx_word' id='word_1_187' title='bbox 418 2917 500 2980; x_wconf 87' lang='lat' dir='ltr'><strong>Hist.</strong></span> <span class='ocrx_word' id='word_1_188' title='bbox 528 2916 606 2980; x_wconf 87' lang='lat' dir='ltr'><strong>Crit.</strong></span> <span class='ocrx_word' id='word_1_189' title='bbox 636 2939 668 3000; x_wconf 89' lang='lat' dir='ltr'><strong>p.</strong></span> <span class='ocrx_word' id='word_1_190' title='bbox 691 2919 753 2980; x_wconf 89' lang='grc'><strong>162</strong></span> <span class='ocrx_word' id='word_1_191' title='bbox 787 2931 819 2981; x_wconf 87' lang='lat' dir='ltr'><strong>ct</strong></span> <span class='ocrx_word' id='word_1_192' title='bbox 849 2920 1071 2982; x_wconf 87' lang='lat' dir='ltr'><strong>Welckero</strong></span> <span class='ocrx_word' id='word_1_193' title='bbox 1098 2920 1191 2997; x_wconf 75' lang='lat' dir='ltr'><strong>Trag.</strong></span> <span class='ocrx_word' id='word_1_194' title='bbox 1217 2919 1274 2982; x_wconf 86' lang='lat' dir='ltr'><strong>Gr.</strong></span> <span class='ocrx_word' id='word_1_195' title='bbox 1302 2921 1337 2981; x_wconf 90' lang='lat' dir='ltr'><strong>P.</strong></span> <span class='ocrx_word' id='word_1_196' title='bbox 1359 2923 1413 2984; x_wconf 88' lang='lat' dir='ltr'><strong>lll.</strong></span> 
     </span>
     <span class='ocr_line' id='line_1_26' title="bbox 267 3021 1413 3103; baseline 0.003 -20"><span class='ocrx_word' id='word_1_197' title='bbox 267 3042 299 3101; x_wconf 92' lang='lat' dir='ltr'><strong>p.</strong></span> <span class='ocrx_word' id='word_1_198' title='bbox 316 3025 408 3084; x_wconf 88' lang='grc'><strong>1010·</strong></span> <span class='ocrx_word' id='word_1_199' title='bbox 423 3024 641 3103; x_wconf 84' lang='lat' dir='ltr'><strong>comprobata3</strong></span> <span class='ocrx_word' id='word_1_200' title='bbox 664 3041 735 3082; x_wconf 84' lang='lat' dir='ltr'><strong>nem</strong></span> <span class='ocrx_word' id='word_1_201' title='bbox 759 3021 784 3084; x_wconf 84' lang='lat' dir='ltr'><strong>ia</strong></span> <span class='ocrx_word' id='word_1_202' title='bbox 806 3022 928 3103; x_wconf 77' lang='grc' dir='ltr'><strong><em>Πὲροις</em></strong></span> <span class='ocrx_word' id='word_1_203' title='bbox 950 3021 1036 3100; x_wconf 83' lang='lat' dir='ltr'><strong>legit.</strong></span> <span class='ocrx_word' id='word_1_204' title='bbox 1079 3022 1244 3084; x_wconf 80' lang='lat' dir='ltr'><strong>illittautus&#39;</strong></span> <span class='ocrx_word' id='word_1_205' title='bbox 1264 3043 1341 3086; x_wconf 90' lang='lat' dir='ltr'><strong>vero</strong></span> <span class='ocrx_word' id='word_1_206' title='bbox 1364 3045 1413 3086; x_wconf 89' lang='lat' dir='ltr'><strong>ce·</strong></span> 
     </span>
     <span class='ocr_line' id='line_1_27' title="bbox 268 3120 1412 3207; baseline 0.004 -23"><span class='ocrx_word' id='word_1_207' title='bbox 268 3134 350 3186; x_wconf 85' lang='lat' dir='ltr'><strong>teras</strong></span> <span class='ocrx_word' id='word_1_208' title='bbox 379 3125 515 3202; x_wconf 77' lang='lat' dir='ltr'><strong>fabulas,</strong></span> <span class='ocrx_word' id='word_1_209' title='bbox 548 3145 681 3207; x_wconf 64' lang='lat' dir='ltr'><strong>piarum</strong></span> <span class='ocrx_word' id='word_1_210' title='bbox 703 3132 886 3203; x_wconf 79' lang='lat' dir='ltr'><strong>argtunenta</strong></span> <span class='ocrx_word' id='word_1_211' title='bbox 913 3120 1039 3184; x_wconf 86' lang='lat' dir='ltr'><strong>aliunde</strong></span> <span class='ocrx_word' id='word_1_212' title='bbox 1064 3124 1139 3184; x_wconf 84' lang='lat' dir='ltr'><strong>satis</strong></span> <span class='ocrx_word' id='word_1_213' title='bbox 1167 3125 1312 3202; x_wconf 76' lang='lat' dir='ltr'><strong>cognosci</strong></span> <span class='ocrx_word' id='word_1_214' title='bbox 1340 3147 1412 3207; x_wconf 83' lang='lat' dir='ltr'><strong>pos·</strong></span> 
     </span>
     <span class='ocr_line' id='line_1_28' title="bbox 267 3223 1411 3314; baseline 0.003 -28"><span class='ocrx_word' id='word_1_215' title='bbox 267 3237 351 3287; x_wconf 80' lang='lat' dir='ltr'><strong>attat.</strong></span> <span class='ocrx_word' id='word_1_216' title='bbox 394 3227 443 3286; x_wconf 90' lang='lat' dir='ltr'><strong>De</strong></span> <span class='ocrx_word' id='word_1_217' title='bbox 473 3227 680 3290; x_wconf 85' lang='lat' dir='ltr'><strong>Actaeone</strong></span> <span class='ocrx_word' id='word_1_218' title='bbox 713 3223 900 3306; x_wconf 83' lang='lat' dir='ltr'><strong>Apollodor.</strong></span> <span class='ocrx_word' id='word_1_219' title='bbox 929 3225 982 3302; x_wconf 88' lang='lat' dir='ltr'><strong>lll,</strong></span> <span class='ocrx_word' id='word_1_220' title='bbox 1007 3232 1061 3288; x_wconf 83' lang='lat'><strong>44.</strong></span> <span class='ocrx_word' id='word_1_221' title='bbox 1105 3226 1221 3308; x_wconf 79' lang='lat' dir='ltr'><strong>Hygia.</strong></span> <span class='ocrx_word' id='word_1_222' title='bbox 1244 3232 1318 3307; x_wconf 89' lang='grc'><strong>180,</strong></span> <span class='ocrx_word' id='word_1_223' title='bbox 1341 3232 1411 3314; x_wconf 81' lang='grc'><strong>181.</strong></span> 
     </span>
     <span class='ocr_line' id='line_1_29' title="bbox 267 3324 1412 3416; baseline 0.004 -25"><span class='ocrx_word' id='word_1_224' title='bbox 267 3324 360 3391; x_wconf 87' lang='lat' dir='ltr'><strong>Ouid.</strong></span> <span class='ocrx_word' id='word_1_225' title='bbox 376 3327 505 3390; x_wconf 84' lang='lat' dir='ltr'><strong>Metam.</strong></span> <span class='ocrx_word' id='word_1_226' title='bbox 518 3329 569 3407; x_wconf 90' lang='lat' dir='ltr'><strong>lll,</strong></span> <span class='ocrx_word' id='word_1_227' title='bbox 584 3331 655 3391; x_wconf 80' lang='grc'><strong>139.</strong></span> <span class='ocrx_word' id='word_1_228' title='bbox 669 3363 713 3376; x_wconf 90' lang='lat'><strong>·-</strong></span> <span class='ocrx_word' id='word_1_229' title='bbox 735 3330 1025 3410; x_wconf 73' lang='lat' dir='ltr'><strong>Dexamenum,</strong></span> <span class='ocrx_word' id='word_1_230' title='bbox 1048 3329 1104 3412; x_wconf 91' lang='lat' dir='ltr'><strong>qui</strong></span> <span class='ocrx_word' id='word_1_231' title='bbox 1125 3351 1144 3392; x_wconf 88' lang='lat' dir='ltr'><strong>a</strong></span> <span class='ocrx_word' id='word_1_232' title='bbox 1165 3343 1314 3394; x_wconf 84' lang='lat' dir='ltr'><strong>centauro</strong></span> <span class='ocrx_word' id='word_1_233' title='bbox 1331 3353 1412 3416; x_wconf 86' lang='lat' dir='ltr'><strong>quo·</strong></span> 
     </span>
     <span class='ocr_line' id='line_1_30' title="bbox 267 3428 1411 3514; baseline 0.006 -23"><span class='ocrx_word' id='word_1_234' title='bbox 267 3428 355 3507; x_wconf 85' lang='lat' dir='ltr'><strong>dam,</strong></span> <span class='ocrx_word' id='word_1_235' title='bbox 378 3431 495 3512; x_wconf 80' lang='lat' dir='ltr'><strong>Heyn.</strong></span> <span class='ocrx_word' id='word_1_236' title='bbox 515 3429 554 3492; x_wconf 92' lang='lat' dir='ltr'><strong>ad</strong></span> <span class='ocrx_word' id='word_1_237' title='bbox 577 3429 724 3512; x_wconf 83' lang='lat' dir='ltr'><strong>Apollcd.</strong></span> <span class='ocrx_word' id='word_1_238' title='bbox 747 3453 778 3512; x_wconf 88' lang='lat' dir='ltr'><strong>p.</strong></span> <span class='ocrx_word' id='word_1_239' title='bbox 792 3435 873 3509; x_wconf 84' lang='grc'><strong>363,</strong></span> <span class='ocrx_word' id='word_1_240' title='bbox 895 3453 1011 3496; x_wconf 86' lang='lat' dir='ltr'><strong>nomen</strong></span> <span class='ocrx_word' id='word_1_241' title='bbox 1032 3434 1158 3512; x_wconf 84' lang='lat' dir='ltr'><strong>habuit,</strong></span> <span class='ocrx_word' id='word_1_242' title='bbox 1182 3439 1308 3514; x_wconf 85' lang='lat' dir='ltr'><strong>praeter</strong></span> <span class='ocrx_word' id='word_1_243' title='bbox 1329 3437 1411 3499; x_wconf 83' lang='lat' dir='ltr'><strong>httuc</strong></span> 
     </span>
    </p>
   </div>
   <div class='ocr_carea' id='block_1_3' title="bbox 267 3527 1526 3616">
    <p class='ocr_par' dir='ltr' id='par_1_4' title="bbox 267 3527 1526 3616">
     <span class='ocr_line' id='line_1_31' title="bbox 267 3527 1526 3616; baseline 0.008 -24"><span class='ocrx_word' id='word_1_244' title='bbox 267 3551 284 3592; x_wconf 91' lang='lat' dir='ltr'><strong>e</strong></span> <span class='ocrx_word' id='word_1_245' title='bbox 301 3531 426 3610; x_wconf 85' lang='lat' dir='ltr'><strong>tragicis</strong></span> <span class='ocrx_word' id='word_1_246' title='bbox 441 3527 570 3615; x_wconf 87' lang='lat' dir='ltr'><strong>Iophon,</strong></span> <span class='ocrx_word' id='word_1_247' title='bbox 593 3534 750 3597; x_wconf 82' lang='lat' dir='ltr'><strong>acomicie</strong></span> <span class='ocrx_word' id='word_1_248' title='bbox 766 3547 870 3596; x_wconf 88' lang='lat' dir='ltr'><strong>autem</strong></span> <span class='ocrx_word' id='word_1_249' title='bbox 885 3536 987 3616; x_wconf 85' lang='lat' dir='ltr'><strong>po&#39;e&#39;tis</strong></span> <span class='ocrx_word' id='word_1_250' title='bbox 1000 3537 1157 3602; x_wconf 72' lang='lat' dir='ltr'><strong>Timentes</strong></span> <span class='ocrx_word' id='word_1_251' title='bbox 1170 3538 1253 3603; x_wconf 83' lang='lat' dir='ltr'><strong>iacit.</strong></span> <span class='ocrx_word' id='word_1_252' title='bbox 1293 3540 1410 3612; x_wconf 79' lang='lat' dir='ltr'><strong>Athen,</strong></span> <span class='ocrx_word' id='word_1_253' title='bbox 1524 3578 1526 3588; x_wconf 91' lang='lat'>·</span> 
     </span>
    </p>
   </div>
   <div class='ocr_carea' id='block_1_4' title="bbox 266 3634 1411 3822">
    <p class='ocr_par' dir='ltr' id='par_1_5' title="bbox 266 3634 1411 3822">
     <span class='ocr_line' id='line_1_32' title="bbox 267 3634 1409 3738; baseline 0.007 -43"><span class='ocrx_word' id='word_1_254' title='bbox 267 3634 323 3695; x_wconf 89' lang='lat' dir='ltr'><strong>Vl.</strong></span> <span class='ocrx_word' id='word_1_255' title='bbox 351 3655 383 3714; x_wconf 89' lang='lat' dir='ltr'><strong>p.</strong></span> <span class='ocrx_word' id='word_1_256' title='bbox 405 3638 469 3696; x_wconf 88' lang='grc'><strong>240</strong></span> <span class='ocrx_word' id='word_1_257' title='bbox 493 3637 535 3698; x_wconf 88' lang='lat' dir='ltr'><strong>D.</strong></span> <span class='ocrx_word' id='word_1_258' title='bbox 556 3670 600 3686; x_wconf 85' lang='lat'><strong>·-·-</strong></span> <span class='ocrx_word' id='word_1_259' title='bbox 634 3637 865 3738; x_wconf 83' lang='lat' dir='ltr'><strong>Leucippus</strong></span> <span class='ocrx_word' id='word_1_260' title='bbox 895 3639 1030 3700; x_wconf 82' lang='lat' dir='ltr'><strong>sortasse.</strong></span> <span class='ocrx_word' id='word_1_261' title='bbox 1055 3638 1139 3702; x_wconf 86' lang='lat' dir='ltr'><strong>filius</strong></span> <span class='ocrx_word' id='word_1_262' title='bbox 1166 3641 1308 3702; x_wconf 85' lang='lat' dir='ltr'><strong>Herculis</strong></span> <span class='ocrx_word' id='word_1_263' title='bbox 1337 3639 1409 3703; x_wconf 82' lang='lat' dir='ltr'><strong>luit.</strong></span> 
     </span>
     <span class='ocr_line' id='line_1_33' title="bbox 266 3739 1411 3822; baseline 0.006 -22"><span class='ocrx_word' id='word_1_264' title='bbox 266 3739 381 3822; x_wconf 84' lang='lat' dir='ltr'><strong>Hygia.</strong></span> <span class='ocrx_word' id='word_1_265' title='bbox 403 3742 476 3802; x_wconf 89' lang='grc'><strong>162.</strong></span> <span class='ocrx_word' id='word_1_266' title='bbox 499 3774 541 3788; x_wconf 85' lang='grc'><strong>-</strong></span> <span class='ocrx_word' id='word_1_267' title='bbox 578 3739 641 3804; x_wconf 87' lang='lat' dir='ltr'><strong>Sed</strong></span> <span class='ocrx_word' id='word_1_268' title='bbox 662 3741 712 3806; x_wconf 86' lang='lat' dir='ltr'><strong>his</strong></span> <span class='ocrx_word' id='word_1_269' title='bbox 733 3741 847 3806; x_wconf 84' lang='lat' dir='ltr'><strong>fabulis</strong></span> <span class='ocrx_word' id='word_1_270' title='bbox 869 3741 937 3804; x_wconf 83' lang='lat' dir='ltr'><strong>noll</strong></span> <span class='ocrx_word' id='word_1_271' title='bbox 957 3741 1279 3810; x_wconf 81' lang='lat' dir='ltr'><strong>hleodrobulum</strong></span> <span class='ocrx_word' id='word_1_272' title='bbox 1299 3741 1411 3821; x_wconf 77' lang='lat' dir='ltr'><strong>adjun-</strong></span> 
     </span>
    </p>
   </div>
   <div class='ocr_carea' id='block_1_5' title="bbox 264 3940 1412 4556">
    <p class='ocr_par' dir='ltr' id='par_1_6' title="bbox 264 3940 1412 4464">
     <span class='ocr_line' id='line_1_34' title="bbox 281 3940 1411 4020; baseline 0.007 -27"><span class='ocrx_word' id='word_1_273' title='bbox 281 4012 283 4016; x_wconf 21' lang='grc' dir='ltr'>Ι</span> <span class='ocrx_word' id='word_1_274' title='bbox 337 3940 367 4009; x_wconf 87' lang='grc'><strong>1)</strong></span> <span class='ocrx_word' id='word_1_275' title='bbox 386 3941 464 3996; x_wconf 83' lang='lat' dir='ltr'><strong>Haud</strong></span> <span class='ocrx_word' id='word_1_276' title='bbox 482 3963 545 3997; x_wconf 88' lang='lat' dir='ltr'><strong>raro</strong></span> <span class='ocrx_word' id='word_1_277' title='bbox 564 3942 680 4000; x_wconf 88' lang='lat' dir='ltr'><strong>hirundo</strong></span> <span class='ocrx_word' id='word_1_278' title='bbox 699 3950 798 4017; x_wconf 84' lang='lat' dir='ltr'><strong>po&#39;e&#39;tis,</strong></span> <span class='ocrx_word' id='word_1_279' title='bbox 826 3948 936 4020; x_wconf 74' lang='lat' dir='ltr'><strong>ejusque</strong></span> <span class='ocrx_word' id='word_1_280' title='bbox 956 3959 1050 4007; x_wconf 70' lang='lat' dir='ltr'><strong>natus</strong></span> <span class='ocrx_word' id='word_1_281' title='bbox 1067 3965 1130 4007; x_wconf 80' lang='lat' dir='ltr'><strong>curn</strong></span> <span class='ocrx_word' id='word_1_282' title='bbox 1148 3945 1221 4020; x_wconf 70' lang='lat' dir='ltr'><strong>poltri</strong></span> <span class='ocrx_word' id='word_1_283' title='bbox 1240 3953 1411 4016; x_wconf 75' lang='lat' dir='ltr'><strong>comparatus</strong></span> 
     </span>
     <span class='ocr_line' id='line_1_35' title="bbox 265 4031 1411 4110; baseline 0.005 -26"><span class='ocrx_word' id='word_1_284' title='bbox 265 4041 312 4086; x_wconf 83' lang='lat' dir='ltr'><strong>eat.</strong></span> <span class='ocrx_word' id='word_1_285' title='bbox 348 4032 417 4086; x_wconf 89' lang='lat' dir='ltr'><strong>Vide</strong></span> <span class='ocrx_word' id='word_1_286' title='bbox 436 4034 499 4088; x_wconf 88' lang='lat' dir='ltr'><strong>Pac.</strong></span> <span class='ocrx_word' id='word_1_287' title='bbox 518 4038 579 4088; x_wconf 89' lang='grc'><strong>800.</strong></span> <span class='ocrx_word' id='word_1_288' title='bbox 614 4034 707 4106; x_wconf 86' lang='lat' dir='ltr'><strong>ltaque</strong></span> <span class='ocrx_word' id='word_1_289' title='bbox 724 4035 792 4090; x_wconf 90' lang='lat' dir='ltr'><strong>Rau.</strong></span> <span class='ocrx_word' id='word_1_290' title='bbox 810 4040 844 4092; x_wconf 78' lang='grc'><strong>93</strong></span> <span class='ocrx_word' id='word_1_291' title='bbox 868 4037 958 4092; x_wconf 79' lang='lat' dir='ltr'><strong>futiles</strong></span> <span class='ocrx_word' id='word_1_292' title='bbox 975 4044 1069 4110; x_wconf 53' lang='lat' dir='ltr'><strong>po‘esstac</strong></span> <span class='ocrx_word' id='word_1_293' title='bbox 1085 4033 1225 4106; x_wconf 71' lang='grc' dir='ltr'><strong><em>χελιδόνων</em></strong></span> <span class='ocrx_word' id='word_1_294' title='bbox 1242 4046 1351 4096; x_wconf 68' lang='grc' dir='ltr'><strong><em>μουσεῖα</em></strong></span> <span class='ocrx_word' id='word_1_295' title='bbox 1370 4031 1411 4084; x_wconf 75' lang='lat' dir='ltr'><strong>di-</strong></span> 
     </span>
     <span class='ocr_line' id='line_1_36' title="bbox 266 4119 1411 4197; baseline 0.001 -25"><span class='ocrx_word' id='word_1_296' title='bbox 266 4129 379 4184; x_wconf 63' lang='lat' dir='ltr'><strong>cuntum</strong></span> <span class='ocrx_word' id='word_1_297' title='bbox 406 4121 479 4192; x_wconf 92' lang='lat' dir='ltr'><strong>quod</strong></span> <span class='ocrx_word' id='word_1_298' title='bbox 504 4121 612 4194; x_wconf 86' lang='lat' dir='ltr'><strong>quidem</strong></span> <span class='ocrx_word' id='word_1_299' title='bbox 637 4122 682 4175; x_wconf 88' lang='lat' dir='ltr'><strong>tali</strong></span> <span class='ocrx_word' id='word_1_300' title='bbox 709 4124 791 4177; x_wconf 89' lang='lat' dir='ltr'><strong>ruodo</strong></span> <span class='ocrx_word' id='word_1_301' title='bbox 814 4123 925 4197; x_wconf 83' lang='lat' dir='ltr'><strong>explicat</strong></span> <span class='ocrx_word' id='word_1_302' title='bbox 950 4125 1111 4180; x_wconf 85' lang='lat' dir='ltr'><strong>Scholiasta:</strong></span> <span class='ocrx_word' id='word_1_303' title='bbox 1138 4123 1198 4178; x_wconf 75' lang='grc' dir='ltr'><strong>ἀντὶ</strong></span> <span class='ocrx_word' id='word_1_304' title='bbox 1219 4126 1268 4175; x_wconf 85' lang='grc' dir='ltr'><strong>τοῦ</strong></span> <span class='ocrx_word' id='word_1_305' title='bbox 1286 4119 1411 4190; x_wconf 77' lang='grc' dir='ltr'><strong><em>βάρβαρα</em></strong></span> 
     </span>
     <span class='ocr_line' id='line_1_37' title="bbox 265 4204 1410 4286; baseline 0.003 -30"><span class='ocrx_word' id='word_1_306' title='bbox 265 4211 309 4257; x_wconf 75' lang='lat' dir='ltr'><strong>nal</strong></span> <span class='ocrx_word' id='word_1_307' title='bbox 327 4204 448 4262; x_wconf 78' lang='grc' dir='ltr'><strong>α’σῦνετα.</strong></span> <span class='ocrx_word' id='word_1_308' title='bbox 468 4214 512 4261; x_wconf 74' lang='grc' dir='ltr'><strong>καὶ</strong></span> <span class='ocrx_word' id='word_1_309' title='bbox 529 4207 580 4280; x_wconf 74' lang='lat' dir='ltr'><strong>peip</strong></span> <span class='ocrx_word' id='word_1_310' title='bbox 599 4216 727 4281; x_wconf 72' lang='grc' dir='ltr'><strong><em>παροιμία</em></strong></span> <span class='ocrx_word' id='word_1_311' title='bbox 743 4215 785 4264; x_wconf 78' lang='lat' dir='ltr'><strong>tat</strong></span> <span class='ocrx_word' id='word_1_312' title='bbox 801 4219 854 4267; x_wconf 81' lang='grc' dir='ltr'><strong>τῶν</strong></span> <span class='ocrx_word' id='word_1_313' title='bbox 871 4213 1014 4286; x_wconf 75' lang='grc' dir='ltr'><strong>βαρβάρων</strong></span> <span class='ocrx_word' id='word_1_314' title='bbox 1036 4209 1254 4280; x_wconf 63' lang='grc' dir='ltr'><em>καὶ“πολυλόγων</em></span> <span class='ocrx_word' id='word_1_315' title='bbox 1279 4213 1323 4262; x_wconf 72' lang='grc' dir='ltr'><strong>καὶ</strong></span> <span class='ocrx_word' id='word_1_316' title='bbox 1347 4210 1410 4260; x_wconf 64' lang='lat' dir='ltr'><strong>tua-</strong></span> 
     </span>
     <span class='ocr_line' id='line_1_38' title="bbox 264 4291 1412 4372; baseline 0.005 -26"><span class='ocrx_word' id='word_1_317' title='bbox 264 4300 340 4359; x_wconf 76' lang='grc' dir='ltr'><em>χθῶν</em></span> <span class='ocrx_word' id='word_1_318' title='bbox 357 4299 412 4349; x_wconf 69' lang='grc' dir='ltr'><strong>ἑστι</strong></span> <span class='ocrx_word' id='word_1_319' title='bbox 430 4302 585 4370; x_wconf 76' lang='grc' dir='ltr'><strong>ταττομένη.</strong></span> <span class='ocrx_word' id='word_1_320' title='bbox 611 4301 731 4354; x_wconf 80' lang='grc' dir='ltr'><strong>τοιοῦτον</strong></span> <span class='ocrx_word' id='word_1_321' title='bbox 748 4299 799 4372; x_wconf 75' lang='lat' dir='ltr'><strong>peip</strong></span> <span class='ocrx_word' id='word_1_322' title='bbox 818 4299 849 4355; x_wconf 77' lang='lat' dir='ltr'><strong>cd</strong></span> <span class='ocrx_word' id='word_1_323' title='bbox 867 4291 1009 4370; x_wconf 63' lang='lat' dir='ltr'><strong>yritddruv</strong></span> <span class='ocrx_word' id='word_1_324' title='bbox 1026 4307 1110 4371; x_wconf 69' lang='lat' dir='ltr'><strong>pirae,</strong></span> <span class='ocrx_word' id='word_1_325' title='bbox 1136 4305 1212 4356; x_wconf 76' lang='lat' dir='ltr'><strong>ullor</strong></span> <span class='ocrx_word' id='word_1_326' title='bbox 1230 4297 1277 4355; x_wconf 77' lang='lat' dir='ltr'><strong>dui</strong></span> <span class='ocrx_word' id='word_1_327' title='bbox 1294 4295 1326 4352; x_wconf 76' lang='lat' dir='ltr'><strong>td</strong></span> <span class='ocrx_word' id='word_1_328' title='bbox 1345 4291 1412 4354; x_wconf 79' lang='lat' dir='ltr'><strong>aoid</strong></span> 
     </span>
     <span class='ocr_line' id='line_1_39' title="bbox 266 4383 1154 4464; baseline 0.01 -27"><span class='ocrx_word' id='word_1_329' title='bbox 266 4386 314 4454; x_wconf 84' lang='grc' dir='ltr'><strong>τῆς</strong></span> <span class='ocrx_word' id='word_1_330' title='bbox 332 4383 402 4456; x_wconf 66' lang='grc' dir='ltr'><strong>ᾠδῆς</strong></span> <span class='ocrx_word' id='word_1_331' title='bbox 420 4383 498 4440; x_wconf 68' lang='lat' dir='ltr'><strong>tietdo</strong></span> <span class='ocrx_word' id='word_1_332' title='bbox 515 4386 578 4449; x_wconf 77' lang='grc' dir='ltr'><strong>τούς</strong></span> <span class='ocrx_word' id='word_1_333' title='bbox 595 4388 750 4456; x_wconf 70' lang='grc' dir='ltr'><strong><em>ἀκούοντας,</em></strong></span> <span class='ocrx_word' id='word_1_334' title='bbox 768 4387 785 4462; x_wconf 75' lang='grc' dir='ltr'><strong><em>ἢ</em></strong></span> <span class='ocrx_word' id='word_1_335' title='bbox 803 4389 849 4446; x_wconf 78' lang='lat' dir='ltr'><strong>dui</strong></span> <span class='ocrx_word' id='word_1_336' title='bbox 866 4391 899 4446; x_wconf 76' lang='lat' dir='ltr'><strong>&#39;aa&#39;</strong></span> <span class='ocrx_word' id='word_1_337' title='bbox 915 4395 992 4456; x_wconf 70' lang='lat' dir='ltr'><strong>attor</strong></span> <span class='ocrx_word' id='word_1_338' title='bbox 1009 4389 1154 4464; x_wconf 68' lang='grc' dir='ltr'><strong>εὐφραῖνον.</strong></span> 
     </span>
    </p>

    <p class='ocr_par' dir='ltr' id='par_1_7' title="bbox 339 4471 1244 4556">
     <span class='ocr_line' id='line_1_40' title="bbox 339 4471 1244 4556; baseline 0.012 -33"><span class='ocrx_word' id='word_1_339' title='bbox 339 4471 369 4540; x_wconf 79' lang='lat'><strong>2)</strong></span> <span class='ocrx_word' id='word_1_340' title='bbox 386 4473 433 4528; x_wconf 81' lang='lat' dir='ltr'><strong>Est</strong></span> <span class='ocrx_word' id='word_1_341' title='bbox 450 4475 566 4545; x_wconf 87' lang='lat' dir='ltr'><strong>mirum,</strong></span> <span class='ocrx_word' id='word_1_342' title='bbox 585 4479 659 4551; x_wconf 87' lang='lat' dir='ltr'><strong>quod</strong></span> <span class='ocrx_word' id='word_1_343' title='bbox 677 4481 786 4537; x_wconf 84' lang='lat' dir='ltr'><strong>eaedem</strong></span> <span class='ocrx_word' id='word_1_344' title='bbox 806 4483 912 4538; x_wconf 73' lang='lat' dir='ltr'><strong>tabutas</strong></span> <span class='ocrx_word' id='word_1_345' title='bbox 929 4482 1054 4556; x_wconf 87' lang='lat' dir='ltr'><strong>lophonti</strong></span> <span class='ocrx_word' id='word_1_346' title='bbox 1072 4483 1244 4540; x_wconf 55' lang='lat' dir='ltr'><strong>tribuuntur.⁴</strong></span> 
     </span>
    </p>
   </div>
   <div class='ocr_carea' id='block_1_6' title="bbox 0 0 1542 4998">
    <p class='ocr_par' dir='ltr' id='par_1_8' title="bbox 0 0 1542 4998">
     <span class='ocr_line' id='line_1_41' title="bbox 0 0 1542 4998; baseline 0 1"><span class='ocrx_word' id='word_1_347' title='bbox 0 0 1542 4998; x_wconf 95' lang='lat' dir='ltr'><strong> </strong></span> 
     </span>
    </p>
   </div>
  </div>
 </body>
</html>
