3076 4998
806 308 880 383 172

271 499 385 562 amorio
409 499 566 586 notionem
588 519 606 560 a
626 518 660 560 ee
682 496 873 559 declaratum
893 494 935 558 iri
955 494 1132 576 proferent,
1151 494 1187 556 in
1208 513 1273 577 quo
1293 500 1422 560 temeri·

269 619 365 669 tatem
385 605 547 682 Menenia,
569 603 691 664 Platon.
714 603 800 663 Meu.
822 621 855 680 p.
873 599 932 676 tt,
952 599 1110 676 imitatur,
1131 595 1171 660 ad
1191 603 1260 660 eim
1280 598 1421 681 disputa·

267 711 383 772 tionem
405 708 496 769 facile
517 704 715 786 aggreditur,
745 725 807 786 qua
829 701 984 780 ostendit,
1012 700 1089 783 quid
1110 702 1152 763 eit
1173 701 1271 764 Amor
1292 727 1326 785 p.
1347 707 1421 767 195.

160 838 165 848 ¹
267 811 329 874 Sed
360 833 430 874 cum
462 796 619 891 expoeitib
649 807 805 884 notionie,
838 805 923 888 quod
955 803 1082 888 quidam
1116 805 1260 868 Socrates
1290 807 1420 868 Meneni

269 915 393 992 objicit,
428 933 479 974 ree
502 932 655 994 perquam
676 908 812 971 difficilis
835 908 892 986 eit,
928 925 985 968 nee
1015 908 1112 970 Meno
1140 908 1286 986 virtutis,
1317 929 1419 992 neque

268 1016 391 1093 Agatho
421 1013 546 1076 Amoris
576 1024 681 1093 puteet
709 1023 853 1072 naturam
885 1011 1054 1088 illustrare,
1098 1007 1253 1090 Quocirca
1273 1011 1327 1072 ille
1349 1014 1420 1093 qui·

269 1113 340 1176 dem
361 1135 411 1176 ree
432 1116 549 1178 leviter
574 1114 693 1192 tangit,
724 1133 805 1194 quae
832 1121 982 1174 nontam
1002 1109 1043 1172 ad
1064 1105 1296 1188 definitionem,
1326 1133 1418 1194 quam

266 1215 306 1280 ed
327 1218 529 1299 partitionem
552 1215 679 1278 virtutis
705 1213 899 1294 pertineaot3
933 1211 983 1276 bic
1005 1232 1082 1276 uero
1105 1225 1227 1277 tanturn
1249 1216 1354 1295 abeet,
1377 1228 1418 1276 ut

265 1335 408 1384 naturam
430 1320 555 1382 Amoris
576 1320 735 1400 cupienter
754 1315 930 1394 adumbret,
951 1329 987 1380 ut
1008 1330 1152 1381 externae
1174 1331 1335 1380 enumeret
1354 1319 1419 1381 vir·

265 1436 366 1501 tutes,
398 1444 415 1484 e
444 1423 576 1504 quibus,
605 1423 661 1503 qui
691 1422 732 1482 eit
758 1422 812 1482 ille
835 1419 928 1497 deus,
961 1421 1090 1484 omuino
1117 1421 1250 1499 intelligi
1270 1435 1417 1503 nequeat.

266 1525 427 1588 Laudatur
453 1526 537 1586 enim
568 1537 719 1608 tanquam
752 1536 829 1586 natu
855 1525 1002 1588 minimua
1025 1520 1220 1609 (νιῶιστος)
1243 1548 1274 1607 p.
1295 1527 1358 1588 195
1378 1525 1418 1602 Δ,

265 1627 453 1690 tenerrimua
474 1627 550 1690 ibid.
571 1627 613 1706 C,
639 1626 825 1705 joetieeimua
846 1649 879 1708 p.
900 1631 963 1690 196
984 1629 1030 1705 Β,
1058 1625 1315 1708 prudentieaimue
1337 1625 1417 1690 ibid.

238 1760 244 1771 ·
266 1727 307 1807 G,
336 1729 582 1810 sapientissimus
605 1731 744 1792 omnium
766 1729 913 1808 deorum,
943 1733 998 1813 qui
1019 1751 1070 1792 ree
1092 1730 1221 1792 deorum
1242 1744 1338 1812 atque
1361 1732 1419 1792 lto·

265 1833 383 1895 minum
413 1846 577 1916 temperet.
626 1835 693 1898 Hae
718 1855 795 1900 vero
823 1837 959 1899 rirtutca
984 1855 1087 1917 neque
1115 1833 1178 1897 alia
1204 1855 1246 1895 ex
1273 1834 1335 1894 alia
1363 1833 1418 1898 de·

265 1933 391 2014 ductae,
412 1957 514 2021 neque
535 1939 580 2000 ita
600 1940 782 2022 propositae
803 1951 886 2016 eunt,
907 1950 942 2000 ut
964 1957 1027 1998 una
1048 1937 1177 1999 notione
1198 1939 1416 2016 involvantur3

263 2057 364 2119 neque
392 2057 471 2101 vero
498 2054 647 2120 apparet,
677 2061 774 2123 quare
796 2038 935 2120 ein'gulee
964 2059 1071 2101 earum
1091 2039 1203 2101 Amori
1225 2041 1414 2102 tribuantur.

262 2141 453 2221 Praeprimie
474 2139 635 2204 levitatem
653 2145 786 2206 oratorie
802 2145 963 2221 miramur,
984 2163 1054 2205 cum
1074 2142 1257 2204 ratiocinari
1277 2141 1414 2206 videtur.

262 2242 485 2306 Roetacher
507 2246 530 2305 l.
549 2246 571 2305 l.
598 2265 630 2326 p.
655 2231 706 2310 18'.
749 2248 831 2310 Nam
855 2269 958 2331 neque
986 2245 1143 2329 principia
1170 2259 1262 2308 extra
1290 2245 1415 2308 dubita-

264 2345 381 2406 tionem
404 2347 507 2425 poeita
530 2360 620 2426 eunt,
642 2369 699 2411 nec
720 2363 841 2412 ceterae
864 2351 1049 2427 sententiae,
1071 2350 1186 2432 quibua
1207 2350 1241 2410 in
1261 2349 1413 2410 orationis

263 2448 458 2510 conclusione
482 2447 589 2528 utitur,
610 2451 654 2512 eie
668 2453 729 2513 eibi
746 2456 840 2534 plane
861 2453 1120 2534 respondentur
1140 2451 1211 2515 finit
1233 2454 1266 2514 io
1288 2453 1412 2517 initium

262 2547 370 2612 redeat
391 2550 561 2632 omniaque
580 2553 698 2633 optime
723 2553 895 2618 concidant.
939 2553 985 2618 Ut
1006 2557 1154 2618 Amorem
1174 2555 1315 2618 omnium
1337 2553 1413 2616 deo·

262 2673 333 2714 rum
354 2655 671 2734 temperentiaaimuna
695 2675 762 2720 eaae
782 2660 836 2736 eit,
856 2659 905 2720 bie
927 2659 1117 2737 argumentis
1142 2670 1248 2720 utene:
1273 2655 1334 2732 Qut
1358 2677 1413 2717 eu-

262 2751 386 2834 pidinee
418 2765 555 2834 coe'rcet,
586 2771 632 2822 eet
662 2774 848 2842 temperans.
902 2761 1000 2844 Atqui
1021 2762 1120 2826 Amor
1140 2759 1413 2826 vehementissima

263 2855 454 2937 cupidinum.
499 2859 583 2938 Ergo
606 2862 707 2924 Amor
730 2863 1041 2946 temperantieeimue.
1073 2885 1104 2944 p.
1122 2866 1185 2927 196
1203 2861 1244 2926 (lt
1267 2857 1353 2945 πρὸς
1375 2860 1412 2927 δὲ

261 2959 304 3042 τῇ
325 2953 520 3051 δικαιοσύνῃ
542 2961 759 3051 σωφροσύνης
784 2965 942 3050 σλσίσσηο
961 2969 1103 3056 μετέχοι.
1126 2968 1212 3034 οἶνοι
1235 2961 1301 3052 ηᾶρ
1322 2959 1411 3049 ὁριο-

260 3058 405 3142 loyatrot
421 3062 619 3148 σωφροσύνη
633 3062 671 3134 σι’
688 3082 821 3150 κροτεῖν
834 3063 968 3151 ἤδονών
981 3070 1036 3136 col
1052 3071 1262 3154 ἐπιθυμιῶν.
1298 3063 1412 3150 ’Ἑρω-

260 3181 319 3233 τος
351 3161 387 3230 dl
419 3165 595 3250 ριηδιηιΙσν
624 3163 755 3254 ἡδονὴν
781 3168 924 3252 ’κρείσσω
954 3169 1043 3236 alunt
1074 3211 1180 3234 ····
1211 3172 1343 3254 ιιραιῶν
1371 3169 1409 3236 δὲ

259 3257 391 3345 ἡδονῶν
420 3267 475 3331 acl
495 3268 705 3347 tentemur
732 3269 750 3336 d
774 3266 887 3354 Ἔρως
910 3267 1134 3355 διαφερόντως
1163 3268 1208 3338 tie
1234 3285 1411 3356 σωφρονοῖ.

259 3363 295 3424 lu
318 3384 398 3446 quo,
426 3384 558 3447 quaero,
583 3369 656 3449 quie
676 3381 741 3447 cet,
771 3372 848 3453 quin
868 3371 1094 3452 impudentiam
1117 3367 1253 3433 hominio
1273 3367 1412 3434 ineaoiae

261 3463 425 3529 finitimam
447 3468 575 3533 videat?
619 3473 779 3536 Accedunt
808 3476 961 3558 quaedem
988 3474 1103 3538 iudicia
1131 3473 1281 3541 ridiculae
1307 3488 1413 3536 oeten-

261 3568 399 3632 tationie.
444 3573 488 3636 Ut
516 3575 713 3638 teneritatem
739 3580 865 3642 Amoris
896 3599 966 3642 curn
993 3579 1159 3641 teneritate
1180 3581 1259 3642 Alae
1287 3596 1412 3658 cumpe-

260 3684 326 3752 rat,
356 3674 517 3738 etei··baec
538 3692 663 3759 praeter
684 3681 833 3742 virtutem
857 3699 926 3743 oum
948 3681 1005 3742 illo
1028 3681 1107 3744 nihil
1129 3698 1293 3744 commune
1316 3681 1412 3742 babet

261 3787 301 3838 et
314 3799 354 3839 ne
378 3780 476 3841 ullum
502 3781 634 3863 quidem·
653 3783 844 3862 teneritatie,
873 3783 907 3846 id
931 3782 1017 3865 quod
1040 3784 1207 3845 maximam
1229 3793 1336 3844 moret
1355 3780 1414 3842 ad·

259 3881 465 3960 mirationem,
488 3883 637 3946 indicium
658 3888 691 3948 in
715 3908 753 3948 ea
770 3887 1049 3967 reperirifatetur.
1092 3886 1174 3951 Nam
1196 3905 1304 3962 exeo,
1325 3883 1412 3966 quod

259 3983 292 4043 in
314 3983 468 4064 capitibus
489 3987 642 4065 ambulat,
672 4009 851 4070 quanquam
874 3987 1069 4050 teneritatem
1093 3989 1172 4050 Atae
1195 3999 1327 4050 conatur
1348 3989 1414 4046 col·-

257 4085 365 4164 ligere,
386 4109 419 4166 p.
432 4090 495 4150 195
507 4089 554 4153 D:
569 4087 728 4175 Ὄμηρος
746 4087 812 4176 νᾶρ
827 4089 940 4175 Ἄτην
963 4087 1048 4159 ’θοόν
1069 4093 1107 4160 ee'
1128 4115 1230 4180 φησιν
1247 4091 1334 4158 εἶναι
1355 4089 1413 4156 aci

258 4183 407 4258 ‹incirc-
428 4184 511 4262 aetia
531 4192 618 4275 γοῦν
639 4189 748 4269 πόδας
767 4189 877 4274 οὔσης
899 4185 1056 4268 ἁπολούι
1077 4193 1185 4269 εἶναι,
1205 4189 1325 4276 λέγων·

385 4292 447 4373 σῆς
469 4290 574 4373 ptee’
586 4284 715 4362 ἁπαλοὶ
741 4286 860 4366 πόθει·
882 4289 926 4360 οὐ
946 4292 1013 4379 γάρ
1033 4287 1086 4361 ἐπ’
1096 4290 1191 4362 οὔδει
1314 4332 1318 4342 ‚

320 4390 504 4468 πίλνιιτοι,
525 4386 676 4481 ἄλλ’ἅριι
700 4391 722 4478 ἦ
743 4418 781 4481 ye
803 4390 875 4462 κατ’
888 4388 1019 4479 ἀνδροῖν
1040 4390 1170 4480 andero
1192 4394 1327 4479 βαίνοι,
