3060 5000
797 339 876 409 322

260 551 365 595 renem
388 528 427 592 ad
451 527 483 590 id
512 523 662 608 temporis
684 533 877 586 momentum
898 516 1102 584 distrahendo
1123 537 1187 582 non
1211 519 1313 582 solum
1334 519 1405 582 ani·

260 655 328 698 mes
349 642 559 749 spectatorum
581 628 699 691 diutius
722 623 872 702 attendit,
894 621 949 686 sed
971 621 1073 686 affecit
1094 642 1239 705 quoquc,
1268 635 1303 686 ut
1326 619 1409 687 Ore·

261 751 322 802 stes
352 701 637 800 vehementrssimas
666 731 919 814 perturbationes
952 728 1049 792 animi
1082 726 1172 790 vultu
1209 724 1407 805 significaret,

261 842 369 925 quales
391 852 492 901 metus
513 836 659 900 instantis
679 835 789 897 mortis
811 830 1029 916 plerumque
1020 829 1147 908 injicere
1169 831 1263 892 solet.

294 951 297 958 “
346 944 502 1024 Itemque
521 938 693 1003 accuratius
710 943 928 1017 cognoscamus
945 935 1112 1012 rationem,
1133 955 1196 1016 qua
1212 938 1306 1013 poeta
1325 953 1409 996 com·

261 1047 395 1111 mutavit
422 1047 557 1122 fabulas,
588 1045 684 1106 verba
712 1040 835 1103 Tastris
864 1038 904 1102 ad
928 1039 1088 1122 Lycophr.
1111 1035 1259 1098 cassand.
1282 1039 1345 1099 879
1374 1037 1407 1098 in

261 1150 397 1214 medium
433 1149 615 1212 afferamus:
660 1141 847 1216 Πολύειδος
885 1141 922 1208 δὲ
958 1134 977 1209 o‘
1012 1135 1315 1224 διθυραμβοποιὸς
1345 1132 1409 1208 οόν

255 1250 435 1321 ’Ἄτλαντα
462 1250 590 1318 τοῦτον
621 1244 772 1328 ποιμένα
800 1241 918 1325 Aldus
949 1239 1056 1324 φηολν
1081 1231 1122 1308 οὗ
1147 1234 1408 1324 μαθηματικόν.

261 1347 387 1424 τούτου
419 1352 472 1419 ναὶ
503 1350 567 1417 τοῦ
590 1344 785 1419 Ἀτλαντος
811 1332 950 1427 oticsis
977 1336 1191 1424 ὄἝοπιρος
1212 1333 1303 1408 sacci
1325 1336 1409 1414 eosic

262 1449 415 1530 locossic,
437 1446 479 1522 οὐ
501 1442 587 1520 cccci
608 1442 670 1514 οόν
692 1443 893 1515 Πολύειδον.
936 1445 1018 1510 Ηίιιο
1040 1443 1177 1528 Etymel.
1197 1444 1305 1522 Magn.
1328 1464 1353 1506 s.
1376 1465 1408 1506 r.

257 1551 440 1634 ”Ανλας,”
421 1579 507 1674 ορας
517 1546 668 1638 Λιβύης
713 1542 886 1623 Πολύιδος
902 1542 969 1616 dlc‘
987 1540 1288 1633 διθυραμβοποιὸς
1304 1546 1409 1631 παρί-

261 1673 401 1746 nepotc.
423 1649 531 1724 αυτόν
553 1651 704 1738 ποιμένα
725 1649 921 1738 γενονέναι,
949 1652 1004 1722 sel
1030 1651 1152 1767 pocla,
1179 1647 1231 1716 dcc
1256 1673 1409 1735 παραγε-

261 1758 410 1846 νόμονος
433 1786 451 1826 ο
442 1750 661 1842 ιΠιιροουςέ
662 1749 901 1841 παρααώμονός
921 1777 958 1820 ss
978 1745 1039 1820 v‘n
1054 1742 1180 1829 αὐτοῦ,
1207 1750 1260 1826 νίς
1278 1753 1333 1836 εἴη
1353 1753 1409 1820 sal

179 1899 183 1914 ·
263 1856 373 1932 πόθον
403 1856 545 1945 α’φῑνοος
579 1853 692 1941 ἐπειδὴ
724 1857 829 1980 tipus
857 1851 921 1923 ονίι
940 1861 1083 1922 ἔπειθον
1106 1847 1257 1944 ἀνάγκῃ,
1288 1853 1410 1932 ἔδειξαν

262 1959 352 2050 αὐτῷ
374 1958 414 2032 so⁸
435 1964 497 2046 τῆς
513 1955 683 2049 Γοργόνος
703 1956 885 2043 πρόσωπον
906 1982 961 2024 και
953 1954 1193 2032 cinctionem
1207 1948 1329 2024 nocis·
1350 1957 1407 2026 ααλ

262 2061 321 2134 ἀπ’
342 2065 450 2134 αὐτοῦ
478 2060 519 2132 ad
550 2060 629 2146 ὄρος
652 2058 786 2134 Ἀνλας
815 2056 974 2142 ἐκλήθη..
1001 2054 1103 2124 Οὕτω
1127 2055 1350 2143 Λυκόφρονος
1371 2064 1409 2126 ἐν

264 2161 528 2252 ὑπομνήμασιν.
555 2163 649 2240 Unde
669 2162 889 2246 Gyraldus,
908 2160 947 2224 de
960 2163 1049 2223 Poe't.
1060 2161 1141 2224 Hist.
1154 2160 1278 2240 Dialog.
1291 2164 1408 2242 pseu,

262 2271 474 2336 narrationem
496 2267 606 2340 Ovidii
623 2269 750 2332 Metam.
766 2267 823 2345 IV,
842 2267 906 2328 630
927 2277 984 2328 etc.
1005 2263 1044 2326 de
1064 2265 1192 2332 Atlante
1213 2265 1247 2342 in
1269 2265 1407 2348 lapidem

263 2393 414 2438 converso
436 2392 575 2438 manasse
598 2383 711 2434 censet.
763 2370 925 2452 Equibus
951 2354 1166 2448 cognoscitur,
1196 2381 1314 2452 quanta
1336 2370 1407 2452 qui·

264 2477 334 2540 dem
355 2476 482 2538 licentia
511 2475 631 2541 fabulas
652 2472 819 2556 Polyidus,
853 2485 889 2536 ut
910 2493 1005 2534 esua
1027 2473 1156 2536 omnine
1176 2473 1329 2534 sententie
1351 2493 1408 2534 cx·

262 2581 412 2662 plicaret,
433 2579 657 2660 interpretatus
680 2577 792 2653 fuerit,
816 2577 868 2639 vel
889 2576 1077 2654 mutaverit,
1104 2575 1315 2658 sophistarum
1336 2575 1407 2638 imi·-

262 2669 344 2747 tatus
361 2681 527 2744 rationem.
569 2676 663 2750 Unde
681 2697 796 2743 nomen
815 2679 973 2760 sophistae
992 2679 1121 2759 accepit.
1164 2679 1285 2758 Quodsi
1302 2691 1405 2742 autem

260 2785 377 2847 multas
405 2782 581 2863 tragoedias
609 2782 800 2864 scripsisset,
828 2785 861 2846 in
886 2803 1007 2848 summo
1031 2785 1124 2862 hujus
1151 2785 1253 2866 poe'sis
1274 2785 1406 2862 honore,

262 2906 325 2948 non
348 2899 412 2948 tam
434 2887 579 2968 tragicus,
598 2909 692 2970 quam
713 2886 961 2971 dithyrambicus
981 2895 1077 2970 posta
1096 2887 1205 2950 luisset
1223 2909 1406 2968 nuncupan-

261 2989 329 3054 dus.
372 2990 502 3055 Photius
522 2991 673 3058 Biblioth.
694 3015 726 3073 p.
751 2997 812 3058 195
837 2992 1006 3076 Polyidum
1033 2994 1067 3057 in
1095 2992 1265 3074 scriptores
1285 2990 1406 3066 retulit,

261 3114 341 3176 quos
356 3093 509 3158 Stobaeus
526 3093 894 3180 adornandoFlorilegio
912 3097 1103 3164 adhibuerit.
1147 3093 1209 3158 Sed
1222 3093 1295 3172 loci,
1312 3105 1407 3176 quot-

260 3299 402 3380 prompti
423 3312 506 3364 sunt.
546 3301 729 3366 Valcken·
751 3301 852 3370 Diatr.
869 3327 906 3386 p.
930 3310 981 3368 18.

346 3403 643 3482 Pythangslus.
685 3404 778 3466 Hunc
800 3419 1069 3490 ut·contemptum
1091 3407 1309 3487 abjectumque
1329 3408 1407 3484 poe·-

260 3517 325 3566 tam
346 3504 572 3587 Aristophanes
593 3517 698 3570 vuat-
740 3506 836 3588 Apud
853 3531 948 3594 quem
970 3531 1039 3574 cum
1058 3510 1209 3572 Hercules
1229 3507 1407 3588 Dionysum

261 3605 299 3668 de
320 3605 436 3668 afflicto
461 3606 640 3688 tragoediae
664 3619 762 3690 statu,
794 3608 832 3674 de
854 3614 957 3696 iisque
978 3613 1156 3676 hominihus
1177 3619 1322 3694 quaerat,
1346 3608 1407 3690 qui

259 3708 375 3772 fruens
398 3731 465 3774 cam
487 3713 641 3777 sustinere
665 3725 833 3794 conentur,
861 3729 935 3798 pest
959 3717 1127 3782 vilissimos
1149 3715 1272 3778 demum
1293 3718 1406 3792 poetas

260 3811 433 3876 inculcatur
456 3833 583 3880 nomen,
598 3818 799 3898 Pythangeli,
830 3819 922 3902 quasi
950 3819 1068 3882 mentio
1097 3823 1163 3896 ejus
1185 3817 1314 3882 omnino
1334 3815 1406 3878 fieri

260 3933 324 3979 nun
345 3918 461 3996 possit,
490 3919 552 3982 uisi
574 3918 744 3980 mediocres
762 3940 893 4003 ¹quoque
914 3922 1057 3984 homines
1079 3933 1208 3984 cessent.
1252 3921 1331 3983 usn.
1352 3919 1406 3982 87.

257 4015 369 4100 Neque
391 4039 462 4082 cum
484 4021 644 4103 Dionysus
667 4021 795 4102 dignum
817 4026 983 4105 existimat,
1006 4030 1091 4104 cujus
1114 4025 1201 4103 sitia,
1224 4020 1405 4090 vellendas

258 4120 402 4198 pluribus
427 4126 567 4205 attingat.
610 4125 739 4190 Accedit
759 4127 936 4209 indignatio
955 4128 1055 4208 servi,
1078 4127 1166 4211 quod
1184 4129 1249 4205 illi,
1271 4147 1304 4194 se
1325 4145 1404 4188 enus

259 4222 389 4302 [mmo
411 4229 626 4304 eraviaimum
645 4230 771 4314 ineptiis
792 4244 915 4315 tempus
930 4234 1100 4320 vestrisque
1118 4230 1315 4320 sermonibus
1331 4245 1405 4310 per·

258 4321 344 4386 daut.
394 4327 432 4388 Et
463 4331 490 4392 si
519 4343 700 4396 contextum
725 4338 834 4417 paullo
857 4337 1028 4402 accinctius
1058 4335 1324 4418 contemplemur,
1355 4331 1404 4392 illi

258 4429 345 4506 emti
367 4431 556 4498 nebulonum
586 4453 827 4517 annumeretur,
860 4463 878 4506 a
907 4441 1022 4524 quibus
1038 4456 1203 4504 sommam
1232 4432 1403 4517 perniciem
