3086 4992
542 252 699 383 ‘59

186 496 454 560 Melanthius.
497 495 707 576 Melanthius,
727 498 826 560 irater
845 496 1007 577 Morsimi,
1031 497 1170 562 Philocle
1193 521 1249 564 na·

97 613 149 662 tus
172 613 233 664 est.
277 602 360 665 Nam
382 603 496 665 chorus
510 601 731 684 Aristophanis
754 602 889 666 carmina
910 610 1022 684 poetae
1035 602 1160 683 publice
1179 624 1250 665 can.-

98 701 196 766 tanda
217 704 281 781 ait,
313 704 342 766 si
362 723 420 764 nec
448 701 619 766 Morsimus
650 705 778 768 chorum
805 704 976 784 acceperit,
1004 723 1106 785 neque
1128 704 1250 766 Melan-

98 809 200 885 thius,
235 827 332 890 quem
360 828 465 888 nuper
494 808 644 873 acerrima
678 810 885 891 maximeque.
906 828 1020 872 sonora
1050 829 1126 873 voce
1148 809 1250 872 decla·

100 923 239 974 mantem
262 910 421 988 audierit,
451 930 520 976 eum
548 911 575 973 is
597 913 726 976 chorum
749 933 812 974 una
831 933 900 974 oum
922 912 1121 976 iratre.esset
1142 931 1250 974 conse·

99 1024 201 1076 cutus.
247 1011 409 1089 Quaeres
432 1031 496 1095 quo
517 1013 572 1076 fiat
593 1016 722 1093 clarior,
756 1031 883 1096 quoque
911 1013 1023 1076 melius
1046 1013 1251 1094 intelligatur,

98 1133 226 1176 omnem
248 1118 354 1180 locum
375 1117 558 1204 afferamus,
581 1123 667 1197 cujus
688 1129 811 1200 partem
833 1137 929 1198 supra
944 1117 1115 1182 citavimus.
1158 1118 1249 1197 Legi·

98 1230 171 1280 mus'
192 1218 291 1298 igitur
312 1219 347 1281 in
370 1221 448 1282 Pace
472 1221 550 1282 ⁷972

274 1333 390 1406 succida
411 1335 470 1429 χρή
494 1340 653 1424 Χαρίτων
674 1341 865 1428 δαμώματα
886 1338 1097 1428 καλλικόμων

275 1437 338 1508 οόν
350 1436 466 1524 Ιοοςοόν
484 1435 629 1526 ποιητήν
833 1447 836 1452 '

275 1537 419 1620 ὑμνεῖν,
440 1537 526 1609 ὅταν
547 1534 645 1628 ήρινοὶ
669 1547 736 1628 μὲν
758 1543 853 1630 φανῇ
874 1538 1012 1632 χελιδών

276 1645 418 1728 ἑζομένη
443 1644 581 1731 κελαδῇ,
602 1641 703 1732 χορὸν
727 1647 764 1714 di
784 1645 834 1732 μὴ
854 1637 907 1735 ’χῃ
924 1639 1121 1734 Μόρσιμος,

276 1746 363 1830 μηδὲ
385 1744 611 1826 Μελάνθιος,
634 1736 678 1815 οὗ
699 1741 740 1832 δὴ

277 1845 485 1933 πικροτάτην
506 1845 576 1914 ὅπα
597 1845 809 1934 γηρύσαντος
830 1842 942 1932 ἦκοαο’

276 1942 378 2031 ἡνίκα
399 1953 465 2017 τῶν
487 1951 663 2039 νραγςοδών

276 2045 339 2119 τόν
360 2046 460 2142 χορὸν
482 2054 572 2142 εἶχον
593 2048 693 2120 ἄδολ-

276 2145 340 2237 tpo'c
360 2178 396 2220 ss
419 2155 475 2221 uui
496 2147 614 2232 αὐτὸς,
634 2152 735 2239 ἄμφω

275 2252 443 2338 Γοργόνες
465 2250 637 2340 ὀψοφάγοι
660 2283 689 2322 κ.
708 2282 737 2320 κ.
761 2261 791 2324 λ.

103 2358 168 2421 Ubi
199 2377 271 2420 cum
311 2359 400 2437 prior
442 2359 613 2422 sententiae
649 2381 723 2440 pars
753 2359 793 2421 ad
833 2359 1019 2424 Moesiorum
1060 2372 1092 2422 et
1128 2361 1248 2422 Melan-

104 2461 205 2524 thium
228 2471 365 2540 spectet,
386 2461 542 2540 posterior
560 2473 685 2540 autem„
694 2463 910 2527 consecutione
932 2466 1099 2529 verborum
1121 2477 1249 2540 mutata,

105 2562 141 2625 de
158 2563 338 2626 Melanthio
361 2567 489 2646 ejusque
512 2564 608 2629 fratre
630 2564 810 2646 sucipientis
830 2567 889 2644 sit,
908 2568 1100 2649 interpretes
1118 2569 1250 2632 haesita·

105 2679 197 2744 runt,
227 2667 455 2730 Morsimumne
490 2668 619 2732 fratrem
649 2669 800 2734 haberent
828 2670 1010 2748 Melantbii,
1047 2692 1087 2734 an
1114 2681 1249 2752 po'e'tam,

105 2768 226 2832 duobus
248 2769 312 2832 illis
334 2771 597 2848 commemoratis,
620 2791 689 2834 cum
712 2771 751 2834 ad
774 2793 871 2834 uurtm
887 2774 1093 2837 Melanthium
1117 2773 1249 2836 direxis-

105 2884 150 2933 set
171 2873 365 2952 orationeru,
396 2895 471 2939 mox
505 2873 543 2936 de
572 2875 634 2936 alio
664 2879 730 2951 eius
753 2875 850 2936 fratre
887 2875 1004 2938 dixisse
1034 2877 1248 2957 opinarentur.

106 2969 211 3047 Quare
230 2973 406 3038 Scholiasta
427 2974 466 3038 de
488 2973 657 3055 tragoediis
679 2979 744 3051 ejus
765 2973 947 3042 dubitanter
966 2977 1127 3058 loquitur,
1154 2997 1248 3058 quem

106 3076 299 3139 Melanthius
326 3079 431 3142 fratris
451 3081 522 3143 loco
544 3077 704 3154 habuerit,
733 3077 857 3139 tametsi
878 3078 988 3157 poesin
1010 3078 1154 3140 Morsimi
1174 3080 1249 3142 satIs

106 3190 313 3256 cognoverat:
343 3165 506 3267 δέχονταί.
517 3205 625 3258 τινας,
647 3174 689 3252 ὥς
708 3180 762 3246 καὶ
784 3179 845 3246 κού
866 3177 1013 3259 statuat
1029 3179 1091 3244 κού
1110 3181 1249 3248 Μελαν-

105 3281 189 3350 θίου
215 3287 378 3368 τραγικοῦ
407 3285 552 3368 ποιητοῦ
585 3281 694 3358 ὄντος.
746 3283 856 3369 ltaque
885 3279 1066 3344 Vossius
1097 3278 1135 3342 de
1162 3287 1248 3362 podi.

106 3384 160 3446 Gr.
183 3407 215 3466 p.
228 3388 271 3448 46
293 3387 372 3450 nihil
394 3386 432 3448 de
448 3388 622 3450 Melanthii
642 3409 755 3468 genere
777 3387 900 3461 scribit,
930 3405 985 3448 seu
1010 3403 1118 3448 versus
1140 3386 1248 3449 comici

106 3487 277 3566 ignorarit,
308 3510 364 3552 seu
396 3488 490 3550 fidem
519 3498 642 3552 vetusto
664 3491 854 3554 scholiastae
882 3488 1002 3552 habuit.
1050 3488 1167 3560 Contra
1188 3489 1215 3551 F
1219 3510 1250 3550 a·

106 3591 265 3654 bricius
285 3593 368 3654 Bihl.
383 3593 447 3656 Gr.
469 3593 508 3654 T.
522 3593 560 3654 ll.
578 3613 610 3672 p.
624 3595 699 3655 311.
729 3591 778 3654 ed.
799 3593 981 3657 Harless.
1009 3593 1095 3655 hunc
1120 3592 1192 3654 lecit
1212 3591 1249 3655 fi-

107 3693 183 3755 lium
205 3695 364 3759 Philoclis.
408 3693 507 3772 Quem
529 3695 705 3772 Elmslej.
727 3693 767 3758 ad
781 3696 890 3776 Eurip.
914 3693 999 3756 Med.
1023 3715 1055 3774 p.
1069 3697 1110 3756 98
1134 3695 1249 3758 frcutra

107 3797 331 3878 reprehendit,
367 3801 454 3863 velut
485 3799 513 3860 si
545 3799 639 3860 nullis
668 3797 701 3860 id
723 3799 783 3860 sibi
813 3798 1029 3860 confirmatum
1062 3795 1249 3856 testimoniis

108 3901 309 3982 persuaserit.
362 3902 444 3966 Nam
466 3901 626 3971 duumuiri
656 3922 778 3980 misus,
802 3903 1036 3966 h'leinekius
1064 3898 1145 3962 Hist.
1171 3899 1248 3964 crit.

107 4023 138 4082 p.
149 4005 215 4064 206
238 4014 270 4064 et
289 4005 537 4068 Welckerus
567 4005 661 4084 Trag.
684 4004 740 4066 Gr.
761 4007 796 4068 P.
813 4007 864 4068 tlt.
884 4027 915 4085 p.
932 4007 1032 4082 1029,
1054 4000 1093 4062 ad
1126 4011 1247 4062 senteu-

107 4104 181 4167 tiam
203 4105 388 4171 Fabricii
409 4127 441 4168 se
464 4108 674 4171 contulerunt.
695 4109 800 4173 Recte.
827 4109 909 4174 Nam
931 4110 972 4170 ob
995 4107 1096 4187 ipsum
1121 4114 1249 4166 contex-

106 4217 171 4270 tum
194 4207 321 4274 nonnisi
342 4208 381 4272 de
397 4210 550 4272 Morsimo
570 4225 675 4290 potest
697 4214 836 4293 eogitari.
880 4205 1149 4288 Quemadmodum
1166 4204 1248 4266 enim

106 4323 168 4374 tam
190 4313 355 4390 Morsimi,
383 4335 477 4396 quam
501 4315 668 4378 Melanthii
694 4319 804 4397 poesin
826 4315 942 4397 carpit,
972 4310 1004 4372 id
1028 4327 1163 4386 caussae,
1197 4310 1248 4370 uel

106 4397 284 4494 argumenti
306 4414 457 4493 infereus,
488 4435 554 4480 sese
575 4417 609 4478 in
630 4437 720 4482 scena
738 4419 890 4494 adfuisse,
911 4433 979 4476 eccm
1003 4410 1179 4491 tragoediae
1195 4429 1247 4472 eo-
