3048 4998
238 269 315 346 234

238 454 308 540 tius¹
330 475 373 520 ex
400 449 571 543 Thespidis
598 449 748 542 plaustris
775 457 831 518 aut
862 446 986 540 pulpito
1012 447 1271 518 transformatam
1299 457 1405 545 putet,

237 560 310 626 sive·
320 557 502 628 Muellerus
526 557 642 650 aliique
665 581 708 624 ax
727 557 866 645 Dionysi
891 577 949 622 ara
976 565 1169 648 prognatam
1199 554 1406 624 wrminn'lius

236 663 475 756 mpetunt,·hoc
497 663 612 732 saltem
634 663 955 743 dubitatione'caret,
976 661 1112 730 chorum
1133 685 1176 728 ex
1196 659 1277 729 xlv
1296 659 1408 728 Ιιοιιιί·

237 772 331 840 nibus
359 779 561 839 constantem
587 769 702 838 melius
733 767 837 861 atque·
862 769 1034 836 formosius
1064 769 1149 835 circa
1176 789 1248 834 eam
1267 766 1408 856 disponi

236 901 345 969 posse,
367 899 464 969 quom
485 873 562 958 XV,
581 879 657 944 eum
677 879 711 944 in
732 875 812 946 xlv
828 873 1031 945 'collocandis
1050 873 1241 946 hina'trium
1262 872 1406 940 chorea·

237 994 343 1051 tarum
367 986 463 1075 juga,
493 982 657 1075 thymelen
687 1005 819 1065 versus,
851 983 891 1050 ab
926 983 1104 1074 eademque
1131 1005 1246 1049 aversa
1275 978 1407 1070 disponi

236 1092 375 1182 possint,
403 1091 448 1156 ita
470 1100 506 1157 ut
527 1091 593 1157 duo
614 1091 669 1181 qui
689 1099 848 1158 restarent
874 1088 1044 1158 saltatores
1073 1087 1153 1157 alter
1174 1087 1300 1156 dexteri
1321 1083 1406 1152 alter

237 1199 355 1265 sinistri
376 1192 511 1282 στοίχου
531 1197 673 1264 medium
702 1207 857 1266 tenerent
907 1197 989 1266 Post
1017 1215 1115 1288 quam
1135 1213 1214 1262 vero
1235 1191 1304 1260 XV
1326 1191 1407 1258 lacti

238 1307 330 1372 eraut
350 1317 451 1370 numm
473 1303 648 1370 ascendere
671 1304 712 1371 ad
734 1303 898 1392 thymelen
918 1323 1055 1372 necesse
1076 1312 1158 1383 erat,
1190 1321 1298 1390 neque
1326 1319 1406 1364 eum

237 1409 374 1500 amplius
399 1409 494 1476 chori
523 1431 643 1477 corona
672 1410 787 1492 cinxit,
823 1411 882 1480 sed
912 1417 1041 1500 praeter
1069 1409 1232 1476 anianum
1259 1425 1406 1484 versum,
1504 1483 1505 1514 ,

238 1520 329 1610 cujus
351 1517 386 1584 in
404 1515 512 1584 medic
536 1515 738 1606 coryphaeus
764 1517 888 1606 positus
916 1515 1080 1606 thymelen
1101 1511 1269 1593 ohliuuit,¹
1286 1508 1407 1598 reliqui
1505 1590 1506 1618 1

236 1645 351 1690 versas
375 1645 487 1691 omnes
509 1631 585 1714 post
600 1623 718 1714 ipsum·
734 1615 991 1690 ordinatiorem.
1035 1621 1132 1690 Patet
1156 1618 1220 1686 hoc
1246 1615 1288 1683 de
1311 1613 1406 1682 ch'ori
1505 1669 1506 1698 ,

182 1728 193 1736 ’
237 1729 461 1820 dispositione,
492 1749 558 1796 non
591 1730 714 1819 agentis
730 1729 805 1796 ¹sad
821 1728 958 1796 -stabilis
991 1726 1190 1795 intellectam
1219 1745 1273 1790 me
1305 1720 1404 1789 velle.

236 1834 353 1903 Educet
374 1843 482 1902 autem
503 1836 643 1924 priorem
665 1829 917 1926 dispositionem,
939 1827 1086 1926 quarmis
1107 1841 1141 1899 et
1159 1833 1230 1922 ipsa
1243 1827 1405 1919 quadrata
1505 1891 1506 1908 ,

237 1951 338 2024 esset,
364 1951 473 2010 tamen
493 1941 537 2007 ad
558 1941 698 2031 cyolium
712 1941 855 2010 ⁴chorum
875 1943 1007 2033 propius
1032 1937 1225 2018 accessisse,
1248 1936 1405 2026 quonum
1505 1919 1506 1934 ¹

236 2049 270 2114 in
297 2047 382 2114 hanc
414 2071 544 2140 quoque
571 2047 798 2139 Xenophontis
824 2050 935 2118 cadat:
970 2047 1008 2112 ad
1034 2045 1139 2134 ploos
1164 2036 1271 2109 atreo
1298 2039 1402 2108 καλὸν

237 2155 295 2220 καὶ
314 2149 485 2240 καθαρόν.
964 2179 968 2188 ·
1006 2149 1009 2154 ’

321 2261 365 2328 At
382 2264 450 2353 jam
471 2263 619 2333 revocari
641 2259 694 2331 me
716 2257 799 2332 intra
820 2262 974 2330 terminos
1002 2259 1113 2340 audio,
1142 2258 1261 2348 quippe
1282 2255 1340 2346 qui
1361 2253 1404 2320 de

238 2365 365 2457 cyoliis,
396 2389 462 2436 non
491 2369 531 2435 de
554 2369 716 2460 quadratis
734 2371 845 2446 ‚choris
873 2365 1094 2438 disserendum
1122 2361 1200 2430 mihi
1213 2359 1404 2452 ¹proposuc-

237 2474 308 2554 nim,
337 2473 389 2558 cui
412 2472 542 2564 quidem
565 2475 778 2546 adhortationi
807 2485 839 2543 et
858 2477 930 2564 ipse
952 2495 991 2541 eo
1013 2471 1164 2539 libentius
1185 2467 1400 2558 obtemperor,

238 2601 302 2670 quo
323 2575 378 2644 illa
399 2577 440 2644 de
463 2580 585 2669 tragico
609 2577 707 2648 nhoro
729 2581 906 2673 inquisitio,
934 2579 1081 2671 quamvis
1107 2571 1400 2664 nostra-'imprimis

238 2689 347 2750 aetate
365 2684 494 2775 saepius
517 2694 639 2754 tentata
661 2688 710 2770 sit,
731 2696 841 2753 tamen
859 2682 977 2754 cotidie
991 2694 1116 2752 tantum
1130 2682 1231 2765 abest,
1252 2691 1290 2748 ut
1309 2681 1404 2748 lucu·

238 2787 369 2874 lentior,
400 2799 437 2856 ut
467 2790 522 2860 vel
549 2791 749 2875 lutulentior,
783 2791 973 2860 lubricosior
1002 2781 1247 2880 impeditiorque
1275 2785 1403 2854 evadat

156 2949 160 2958 .
238 2895 387 2966 Vidimus
402 2895 690 2986 igitureosdem,
714 2895 837 2991 quiin
860 2899 1039 2990 antiquis
1056 2896 1190 2974 choris
1212 2891 1290 2960 soli
1312 2915 1405 2984 gra·

240 3001 434 3092 cilitotem
449 3005 635 3094 corporis
652 3010 921 3088 ostentarunt,
941 3006 979 3074 in
1002 3003 1144 3095 cycliis
1160 2998 1293 3069 c'horis
1310 2999 1406 3084 ἡγι-

239 3103 380 3193 ρόμων
402 3109 548 3177 allicio
562 3107 724 3181 iunctos
749 3135 850 3180 esse.
895 3111 1069 3198 Quaeritur
1084 3131 1171 3176 nunc
1187 3129 1251 3198 quo
1270 3103 1306 3172 in
1327 3105 1404 3174 locu
1506 3109 1507 3112 ’

240 3217 407 3284 comtituti
424 3216 549 3300 luerint,
570 3226 607 3284 ut
624 3239 690 3286 nou
702 3219 803 3286 modo
813 3213 1170 3286 honorificentissimum
1185 3209 1296 3280 lncmn
1310 3222 1405 3280 tene·

239 3330 328 3407 rent,
359 3321 418 3390 sed
445 3323 654 3416 etiamuejds-
669 3325 770 3406 modi,
791 3324 892 3391 -undd'
914 3316 1088 3398 et··intueri
1109 3313 1265 3411 reliquos,
1289 3320 1405 3411 stipsi

242 3449 371 3520 quoque
393 3428 433 3494 ab
449 3429 602 3498 'ormdhus
623 3431 768 3520 conspici
798 3440 939 3520 possent.
967 3469 970 3482 ·
992 3428 1137 3496 Etcum
1163 3445 1290 3494 corona·
1316 3426 1404 3494 lacta

241 3541 411 3599 auterens
433 3531 535 3623 ligura
553 3535 716 3627 descripta
736 3527 862 3604 medius
884 3527 1184 3627 qulsqdeuudique
1195 3530 1348 3599 omatibus
1369 3533 1402 3598 in

241 3646 420 3729 conspectu
447 3641 666 3729 componerem
697 3654 813 3734 reapse
829 3644 873 3709 ¹in
903 3631 1014 3732 aperto
1047 3642 1147 3722 loret,
1177 3639 1276 3706 duces
1307 3636 1403 3727 cyclii

242 3769 373 3838 qaoque
391 3743 482 3813 chori
502 3745 908 3831 medium'tenuisse‚'·nlsi
921 3739 1121 3816 idemedit‘e
1142 3752 1315 3811 testaretur
1335 3743 1404 3811 Po·
1505 3737 1506 3746 ’

240 3853 388 3920 sidonius
406 3850 520 3920 Athen.
538 3853 640 3945 lup
660 3849 732 3922 152.
751 3846 852 3930 utros,
870 3855 915 3920 dt·
932 3851 1079 3931 ntalem
1099 3849 1323 3927 massadae
1341 3843 1403 3916 ao-
1505 3867 1506 3900 1

240 3957 373 4040 alisiam
391 3962 453 4044 plo
473 3959 510 4024 la
530 3955 756 4052 adalpsptone
779 3955 815 4026 δ’
840 3957 865 4026 ὁι
878 3953 1063 4050 κράτιστός,
1091 3955 1136 4035 nic
1150 3949 1204 4021 ‘liin'
1220 3948 1404 4046 sophoniae

238 4063 357 4153 mod*
379 4071 463 4158 quae
483 4068 588 4134 verba.
602 4065 700 4134 otiam
719 4055 753 4134 ll.
772 4068 812 4136 G.
825 4055 1404 4142 {S'ommerhrod't'iu‘smulierum
1505 4067 1507 4128 1

240 4169 666 4264 Shehicirmppiuolcctttl,
682 4169 719 4268 'pu
733 4175 905 4266 liitqlmhe
927 4175 968 4243 de
990 4160 1401 4264 cyolio‹·'etmris··mtetlexia

240 4275 319 4346 ludo
339 4275 388 4359 tt,
402 4285 441 4346 ut
457 4275 691 4351 soumahorus'
704 4272 953 4387 dithyrainhicus
972 4283 1005 4352 in
1018 4271 1084 4350 duo
1099 4269 1191 4372 qtta'si
1206 4273 1402 4346 hernichoria
