3044 4982
809 291 860 372 38

265 496 424 572 tationem,
448 513 542 574 quem
562 489 630 570 ipsa
652 486 817 550 titulorum
842 483 1006 547 disercitas
1026 481 1201 562 indicabat,
1223 487 1413 567 exemplari·

265 604 322 662 bus
338 593 532 660 conferendis
544 609 807 674 supervacaneum
823 601 903 652 esset
919 608 1112 669 cognoscere.
1138 587 1222 651 Vide
1238 591 1414 653 Bocckh.

266 705 320 766 Gr.
347 702 441 780 Trag.
464 700 564 762 Princ.
592 720 625 779 p.
639 701 690 760 21.
743 699 841 758 Porro
871 689 1104 770 decusationes,
1134 704 1170 753 nt
1199 690 1414 768 Quintilianus

266 809 375 885 refert,
397 811 508 887 po'e'tae
531 803 752 878 instituerunt3
779 812 811 861 at
832 802 887 861 lex
906 798 1043 882 Lycurgi
1064 797 1104 860 ad
1125 798 1293 861 histriones
1314 799 1416 880 perti·

266 922 329 972 net.
372 908 477 986 Quare
499 904 716 987 reprobandus
738 914 784 965 est
806 921 913 980 error,
938 902 970 962 iu
1001 921 1067 983 quo
1087 901 1326 963 Bocckhius
1347 904 1370 963 l.
1391 903 1416 962 l.

266 1033 298 1092 Ρ.
311 1014 352 1074 27
377 1023 408 1073 et
432 1011 686 1071 Hermanuus
709 1004 961 1086 versantur‚·qui
983 1001 1112 1066 eaodem
1134 1023 1201 1066 rem
1221 1005 1271 1084 agi
1287 1006 1346 1066 hoc
1361 1003 1417 1068 de·

268 1125 353 1176 creto
376 1124 510 1189 censent,
532 1117 616 1188 cujus
636 1108 826 1171 mentionem
848 1108 956 1168 lecerit
974 1104 1198 1182 Quintilianus.
1239 1106 1322 1170 Nam
1343 1109 1416 1169 nul·

267 1219 329 1282 lam
351 1219 504 1293 locorum,
527 1235 619 1297 qnam
642 1214 690 1275 illi
715 1213 866 1292 cogitant,
888 1209 1126 1292 discrepantiam
1147 1209 1351 1288 agnoscimus.

353 1317 475 1396 Quodsi
498 1339 574 1382 uero
594 1319 755 1400 Lycurgus
776 1311 990 1381 trecenteno
1010 1335 1030 1374 a
1045 1311 1240 1389 Quintiliano
1262 1333 1416 1376 memora·

269 1435 332 1484 tam
354 1422 523 1502 prohibere
546 1420 710 1495 voluisset,
739 1415 941 1478 nihilominus
963 1434 1100 1477 caussam
1122 1414 1348 1495 refutaremus,
1377 1415 1416 1478 de

270 1544 332 1606 qua
352 1525 600 1588 Hermnnnus
621 1508 834 1584 narrationem
855 1522 921 1596 ejus
943 1518 1062 1595 reiecit.
1104 1517 1186 1580 Nam
1204 1519 1341 1600 scriptor
1353 1520 1417 1582 llo·

269 1647 395 1705 suanus,
428 1640 465 1689 ut
486 1628 564 1689 bene
586 1639 648 1688 tam
671 1625 766 1686 Sam.
787 1622 959 1686 Petitus
978 1622 1073 1700 Legg.
1093 1622 1160 1688 Att.
1182 1643 1215 1702 p.
1229 1625 1293 1699 69,
1321 1643 1416 1703 quam

165 1717 170 1730 ⁸
270 1729 503 1791 Boeckhius
528 1729 583 1790 Gr.
605 1729 697 1806 Trag.
719 1727 771 1787 Pr.
788 1746 819 1804 p.
829 1727 871 1788 27
894 1722 983 1802 vidit,
1005 1720 1086 1785 illud
1108 1723 1257 1804 temporis
1278 1725 1417 1803 spatium

270 1845 408 1912 spectare
433 1832 546 1912 potuit,
568 1829 654 1914 quod
676 1831 759 1890 iuter
781 1839 914 1890 mortem
936 1826 1084 1910 Aeschyli
1105 1847 1141 1888 nc
1163 1829 1263 1907 legem
1282 1827 1419 1909 Lycurgi

270 1938 518 2017 praeterlapsum
546 1946 604 1998 est.
653 1934 703 1996 De
731 1932 846 1995 finibus
878 1944 997 2009 autem,
1026 1931 1139 2014 quibus
1166 1942 1251 1994 aetas
1280 1930 1418 2012 Lycurgi

272 2039 459 2114 continetur,
482 2056 625 2114 magnam
650 2035 834 2116 opinionum
856 2033 1039 2096 varietatem
1067 2054 1102 2094 ac
1124 2031 1347 2096 dissensionem
1369 2035 1419 2096 in·

272 2140 424 2203 venimus.
467 2137 549 2200 Nam
568 2136 660 2198 multi
682 2136 817 2198 natalem
834 2138 908 2211 ejus,
929 2136 982 2197 Ta
988 2137 1110 2217 yloro
1125 2133 1165 2196 nd
1177 2134 1312 2217 Lycurg.
1329 2133 1418 2200 Orat.

271 2263 304 2323 p.
324 2245 384 2306 105
409 2239 505 2317 duce,
525 2239 560 2300 in
583 2237 633 2303 Ol.
655 2241 708 2317 93,
729 2246 765 2317 4,
787 2240 839 2303 vel
863 2236 916 2302 01.
938 2242 991 2318 94,
1014 2242 1027 2298 1
1053 2237 1191 2300 incidere
1214 2251 1345 2320 putant,
1383 2252 1419 2302 ut

272 2344 502 2406 Beeckhius
524 2345 546 2404 l.
568 2344 590 2404 l.
611 2365 644 2422 p.
661 2346 700 2405 14
722 2356 754 2405 et
776 2344 1030 2406 Hermannus
1049 2344 1070 2404 l.
1092 2344 1115 2406 1.
1137 2366 1169 2424 p.
1185 2347 1256 2407 157.
1308 2344 1420 2408 Sedis

274 2451 359 2512 falsis
389 2449 507 2512 errauit
536 2447 748 2530 opinionibus.
801 2449 986 2512 Blumius
1009 2451 1031 2511 l.
1052 2451 1074 2510 l.
1096 2470 1128 2529 p.
1139 2452 1168 2509 1.
1187 2445 1264 2510 Not.
1280 2451 1311 2510 2.
1352 2449 1421 2512 Nec

275 2552 483 2614 Schh'lliue
506 2564 688 2631 argumenta
710 2553 886 2634 proposuit,
909 2552 1024 2634 quibus
1046 2571 1116 2613 eum
1136 2547 1186 2614 01.
1198 2553 1250 2628 91,
1267 2557 1289 2613 4
1310 2565 1421 2614 natum

275 2675 341 2716 esse
363 2655 556 2735 perhiberet.
610 2658 732 2719 Verum
754 2656 836 2718 enim
858 2655 1021 2738 Lycurgus
1043 2666 1176 2735 propter
1197 2657 1348 2736 temporis
1369 2677 1423 2718 ra·

182 2817 184 2821 .
273 2758 394 2821 tionem
416 2778 491 2838 prae
513 2759 723 2821 Demosthene
750 2761 869 2842 primas
897 2772 1002 2840 partes
1025 2757 1149 2820 dicendi
1170 2759 1337 2839 sumpsisse
1356 2762 1423 2822 ler-

275 2874 339 2924 tur.
381 2863 493 2924 Liban.
518 2863 553 2924 in
575 2865 704 2944 Argum.
727 2865 767 2928 ad
788 2867 952 2928 Demostlr.
974 2863 1065 2929 Orat.
1086 2864 1119 2925 in
1145 2865 1281 2945 Aristog.
1304 2884 1338 2945 p.
1355 2867 1423 2927 769

277 2963 340 3050 (ed.
360 2963 527 3050 Reisk.):
558 2961 675 3053 ἐπειδὴ
702 2962 764 3035 τὸν
785 2961 871 3036 succi
902 2967 963 3052 τῆς
988 2961 1119 3052 ἡλικίας
1141 2962 1266 3055 χρόνον
1289 2971 1338 3040 εἰς
1359 2964 1424 3053 τὴν

278 3069 509 3155 πρωτολογίαν
527 3073 630 3154 ἔλαβε
652 3069 861 3154 Λυκοῦργος.
905 3072 1014 3154 ltaque
1034 3070 1108 3132 huic
1129 3072 1271 3146 aemulo,
1294 3069 1351 3152 qui
1370 3066 1425 3133 01.

277 3173 362 3247 98,4
383 3185 472 3234 natus
490 3184 548 3250 est,
570 3171 698 3234 videtur
711 3173 833 3254 aliquot
849 3173 938 3234 annis
954 3172 1199 3256 anteponendus.
1242 3173 1309 3236 Nec
1322 3175 1424 3236 multo

277 3273 348 3354 plus
369 3295 467 3337 annos
489 3274 686 3354 septuaginta
708 3275 828 3352 habuit,
848 3296 918 3336 cum
941 3273 991 3339 Ol.
1007 3282 1078 3354 114,
1095 3281 1114 3338 2
1136 3275 1220 3338 diem
1240 3295 1425 3357 supremum

278 3375 364 3450 obiit,
385 3377 515 3436 Blum.
536 3375 588 3434 l.l.
601 3395 633 3453 p.
646 3378 704 3453 163
731 3397 813 3454 nam,
835 3378 952 3440 attritis
973 3384 1034 3458 jam
1055 3381 1165 3442 morbo
1187 3379 1317 3458 viribus,
1342 3401 1426 3442 nun-

278 3495 372 3558 quam
403 3477 442 3537 ab
470 3473 740 3560 administratione
768 3480 958 3562 reipublicae
991 3483 1128 3545 recessit.
1169 3484 1295 3548 Blum.
1319 3505 1350 3562 p.
1371 3485 1424 3544 16.

280 3577 367 3654 Quas
395 3600 464 3640 ctsm
493 3579 538 3640 ita
569 3580 648 3662 sint,
678 3584 789 3646 natalis
818 3585 909 3663 hujus
937 3585 971 3646 in
992 3583 1044 3650 Ol.
1064 3590 1107 3649 96
1140 3585 1250 3648 cadere
1286 3583 1425 3648 uidetur.
1517 3661 1518 3668 ἵ

280 3679 400 3756 Quodsi
421 3685 482 3756 jam
503 3685 696 3760 rogationem
718 3697 790 3748 ante
813 3687 1005 3766 trigesimom
1029 3689 1139 3750 aetatis
1161 3707 1276 3750 annum
1295 3688 1334 3748 ab
1352 3703 1426 3748 ora·

279 3796 347 3846 tore
369 3805 433 3847 non
455 3787 549 3848 latam
571 3787 727 3868 ponimus,
748 3790 938 3872 Aeschylum
953 3790 1124 3869 nonaginta
1146 3791 1211 3852 sere
1232 3789 1322 3852 annis
1339 3808 1426 3850 mor-

280 3899 369 3948 tuum
390 3889 484 3950 fuisse
503 3888 666 3972 sequitur,
688 3904 855 3974 antequam
878 3913 974 3974 opera
996 3896 1062 3968 ejus
1084 3895 1122 3954 ab
1144 3894 1333 3956 histrionum
1355 3911 1425 3954 cor·

279 3989 426 4070 ruptione
457 3990 702 4056 vindicarentur.
759 3997 820 4058 Per
847 4009 966 4058 tantum
994 4015 1070 4058 uero
1105 3995 1257 4076 temporis
1287 3993 1425 4075 spatium
1517 4043 1518 4064 2

279 4093 349 4171 quis
372 4091 503 4172 dubitat,
526 4097 603 4178 quin
625 4116 721 4177 opera
739 4073 942 4158 multifariam
963 4099 1087 4176 mutari,
1108 4099 1159 4161 vel
1181 4098 1351 4178 corrumpi,
1373 4099 1425 4160 vel

280 4194 411 4274 corrigi,
441 4198 492 4258 vel
525 4199 619 4262 etiam
651 4198 782 4259 interire
814 4197 1001 4280 potuerint?
1055 4203 1137 4265 Nam
1167 4200 1200 4259 in
1229 4219 1267 4260 eo
1296 4219 1424 4282 quoque

279 4294 483 4360 Boeckhio
505 4300 598 4379 plane
620 4300 787 4376 assentior,
820 4300 904 4382 quod
933 4303 960 4364 is
990 4325 1030 4366 ex
1057 4306 1125 4382 lege
1147 4303 1227 4362 facta
1257 4301 1425 4380 concludit,

279 4415 358 4476 quae
380 4397 538 4475 legislator
559 4400 728 4480 prohibere
745 4404 857 4482 uoluit,
880 4407 1047 4488 quominus
1068 4407 1100 4467 in
1119 4418 1282 4487 posterum
1301 4405 1425 4483 fierent,
