3086 4992
522 1123 594 1202 un
617 1119 899 1204 mueusrrs
924 1120 1149 1242 senous.

351 1364 460 1446 ltaque
482 1359 521 1424 de
544 1363 648 1444 poetis
674 1365 822 1424 hactenus
849 1359 966 1424 dictum
993 1373 1056 1442 est,
1086 1362 1143 1445 qui
1165 1360 1272 1425 eadem
1294 1362 1411 1425 familia

268 1462 394 1527 oriundi
416 1479 470 1528 arrt
489 1479 629 1548 patrem,
650 1477 703 1529 aut
725 1485 817 1528 avum
842 1465 1035 1543 habuerunt,
1058 1471 1143 1542 cujus
1166 1463 1410 1526 illustrissimum

265 1571 445 1648 exemplum
474 1571 514 1630 ob
541 1571 648 1630 oculos
675 1567 735 1630 sihi
761 1579 945 1648 posueruut.
990 1564 1053 1643 Qui
1075 1569 1213 1648 egregias
1238 1568 1332 1629 animi
1354 1567 1410 1630 do·

263 1682 321 1748 tes,
349 1673 457 1753 quales
480 1673 575 1748 vulgo
596 1673 629 1732 in
652 1672 807 1732 clarorum
829 1669 991 1731 homiuum
1012 1671 1101 1750 prole
1121 1671 1333 1752 reperiuntur,
1354 1671 1410 1734 iis·

264 1771 334 1834 dem
351 1775 526 1856 praeceptis
545 1787 640 1857 atque
661 1775 694 1835 in
717 1795 778 1836 uua
798 1773 996 1854 institutione
1014 1774 1150 1851 formati,
1171 1775 1204 1835 in
1224 1774 1300 1835 artis
1317 1795 1410 1836 usum

264 1873 435 1956 dirigerent
464 1878 677 1960 tragicumque
699 1897 795 1956 genus
818 1875 961 1936 similiter
983 1877 1164 1939 excolerent
1189 1897 1314 1939 necesse
1337 1878 1407 1939 fuit.

263 1980 297 2039 ln
321 1979 434 2060 quibus
460 1980 599 2041 effloruit
626 1980 731 2062 aliqua
753 1997 886 2059 operum
915 1977 1088 2041 similitudo
1116 2001 1157 2044 ex
1185 1981 1311 2043 vinculo
1339 2001 1410 2042 sau·

263 2081 376 2157 guinis.
418 2081 458 2142 Et
480 2082 627 2163 quoniam
651 2083 713 2163 ipsi
734 2081 904 2163 coryphaei
926 2081 1058 2144 familias
1079 2085 1288 2166 reliquerunt,
1310 2104 1346 2144 ea
1360 2103 1410 2144 res

263 2183 456 2262 tragoediam
486 2183 676 2246 Graecorum
708 2197 739 2245 et
769 2186 882 2248 multis
906 2197 938 2246 et
967 2187 1087 2265 magnis
1115 2187 1285 2249 virtutibus
1313 2186 1410 2248 auxit.

263 2287 321 2348 His
350 2300 453 2350 autem
482 2301 601 2372 quanto
632 2287 733 2369 speeie
764 2287 891 2366 similis,
921 2301 1009 2352 tanto
1038 2289 1197 2354 dissimilis
1223 2309 1333 2371 reapse
1358 2291 1410 2353 vel
1501 2287 1515 2302 '

263 2393 386 2471 schola,
412 2395 464 2456 uel
484 2392 648 2474 disciplina
669 2394 812 2455 isocratis
835 2394 905 2455 luit.
949 2395 985 2456 ln
1007 2415 1069 2476 qua
1091 2393 1147 2477 qui
1167 2413 1295 2474 operam
1316 2414 1410 2456 nava-

262 2507 338 2556 runt
360 2496 494 2575 tragicae
516 2497 613 2577 poesi,
636 2517 692 2558 nec
716 2497 875 2576 sanguinis
898 2498 1128 2575 communitate,
1150 2517 1253 2580 neque
1273 2517 1333 2560 usu
1353 2495 1410 2558 do·

264 2601 407 2663 mestiene
429 2600 612 2682 disciplinae
634 2600 718 2662 inter
737 2621 769 2661 se
790 2611 844 2664 aut
866 2601 1111 2682 permitterent,
1132 2613 1187 2662 aut
1208 2601 1334 2680 similes,
1355 2621 1411 2662 ne-

263 2725 325 2786 que
349 2710 500 2781 majorum
524 2703 623 2782 gloria
642 2703 789 2764 commoti
809 2715 903 2784 atque
925 2703 1056 2766 incitati.
1098 2704 1133 2765 ln
1157 2703 1279 2785 quihus,
1301 2703 1326 2764 si
1346 2723 1409 2785 qua

262 2809 323 2871 fuit
340 2805 522 2883 similitudo,
545 2807 619 2868 haec
640 2806 697 2867 tali
717 2803 810 2868 modo
833 2805 942 2866 effecta
965 2818 1021 2883 est,
1042 2817 1079 2868 ut
1100 2807 1254 2877 oratorias
1274 2815 1357 2868 artes
1375 2806 1409 2867 in

261 2912 371 2992 poe'sin
399 2913 593 2988 conferrent,
626 2930 704 2992 quas
732 2910 887 2971 habebant
916 2911 955 2972 ab
984 2908 1093 2972 eodem
1120 2911 1277 2992 magistro.
1320 2906 1410 2986 Quae

262 3035 312 3078 res
336 3027 425 3077 tanto
449 3015 623 3078 mirabilior
646 3014 724 3092 luit,
756 3027 873 3096 quanto
895 3013 1018 3093 longius
1046 3035 1116 3076 cum
1137 3015 1176 3076 ab
1204 3014 1291 3076 omni
1311 3012 1410 3094 poesi,

263 3131 329 3180 tum
351 3143 369 3182 a
392 3118 552 3199 tragoedia
575 3117 713 3180 recessit.
763 3119 928 3179 luvenerat
950 3113 1070 3197 primus
1090 3117 1275 3199 Euripides,
1307 3116 1410 3193 credo,

263 3214 392 3285 tantum*
405 3224 524 3304 populo
543 3220 718 3300 indulgens,
739 3220 896 3282 actionum
918 3221 1140 3299 amantissimo,
1161 3232 1198 3282 ut
1215 3221 1409 3284 sermonibus

261 3324 494 3402 tragoediarum
517 3337 548 3385 et
568 3325 665 3406 verba
686 3334 717 3384 st
736 3321 910 3384 locutiones
930 3322 1132 3406 adspergeret
1152 3345 1193 3388 ex
1213 3345 1271 3387 usu
1292 3322 1410 3385 forensi

263 3425 387 3505 petitas.
440 3425 541 3503 Quem
570 3427 678 3507 paullo
705 3439 796 3508 post,
825 3447 931 3491 amore
962 3431 1066 3492 litium
1096 3430 1129 3492 iu
1160 3429 1225 3492 diss
1253 3440 1410 3490 crescente

264 3529 440 3610 scholisque
476 3532 642 3594 rhetorum
669 3531 766 3610 magis
796 3532 991 3612 vigentibus,
1030 3534 1090 3595 alia
1124 3533 1285 3596 hominum
1316 3533 1410 3593 turha

265 3629 428 3691 consecuta
446 3641 503 3709 est,
524 3631 580 3716 qui
601 3635 653 3696 rel
672 3631 786 3711 judicia
807 3633 962 3714 fingerent
983 3635 1016 3696 in
1038 3631 1160 3714 fabulis,
1184 3637 1235 3699 vel
1251 3635 1410 3698 orationes
1488 3631 1490 3635 ’

263 3732 326 3796 suis
353 3736 490 3797 numeris
512 3737 667 3800 absolutas
690 3738 814 3820 copiose
837 3739 1040 3820 explicarent.
1088 3736 1192 3815 Quare
1221 3759 1290 3800 cum
1318 3735 1411 3798 multi

264 3839 315 3902 vel
336 3838 472 3917 honoris,
494 3843 544 3903 vel
568 3854 713 3924 quaestus
736 3840 820 3905 avidi
842 3843 875 3903 in
898 3863 987 3907 scena
1010 3845 1134 3904 elucere
1154 3841 1303 3921 gestirent
1323 3839 1409 3922 iique

262 3959 325 4004 non
350 3944 522 4022 praestanti
543 3944 684 4024 ingenio,
716 3964 818 4026 neque
838 3943 983 4006 oratoriis
1009 3943 1154 4006 laudibus
1181 3943 1339 4022 conspicui
1363 3962 1410 4004 es·

263 4057 347 4123 seut,
380 4048 588 4127 confugerunt
609 4049 642 4109 in
669 4051 833 4110 rhetorum
857 4049 994 4126 scholas,
1028 4061 1063 4110 ut
1085 4046 1241 4130 praesidia
1264 4061 1409 4129 artesque

167 4157 170 4172 ·
263 4146 322 4206 sibi
345 4163 457 4211 natura
480 4149 645 4230 denegatae
667 4151 928 4212 nanciscerentur.
972 4150 1056 4228 Quin
1084 4153 1145 4232 ipsi
1173 4155 1316 4214 rhetores
1345 4162 1409 4212 tra-

262 4249 379 4326 goediis
401 4254 622 4335 componendis
644 4241 815 4316 instituisse
839 4251 986 4316 videntur
1006 4255 1186 4336 discipulos,
1208 4271 1275 4338 quo
1288 4254 1408 4314 facilius

264 4350 297 4410 lri
320 4373 414 4428 graue
436 4376 470 4416 ac
492 4355 687 4434 magnificum
709 4354 832 4417 dicendi
853 4378 949 4436 genus
971 4357 1177 4418 addiscerent.
1220 4357 1300 4418 Nam
1317 4357 1408 4416 illum

263 4453 461 4533 Aeschinem,
496 4469 652 4520 oratorem
683 4461 926 4539 nobilissimum,
957 4461 1141 4524 histrionem
1170 4461 1263 4524 luisse
1288 4458 1408 4536 dicunt,
