3076 4998
809 351 885 424 236

275 538 420 622 Euripidi
442 537 668 615 tribuerentur,
689 535 808 599 Critiae
828 533 1043 612 vindicandas,
1061 534 1184 598 autilli
1207 555 1319 598 rursus
1340 557 1423 601 aste-

274 644 388 707 randes
409 664 490 722 esse,
512 663 582 704 cum
604 643 696 719 hujus
718 661 784 704 esse
804 643 902 719 sitigo
923 638 1134 702 crederentur.
1177 638 1245 701 Nec
1259 656 1346 703 ¹vero
1367 641 1423 704 ills

275 746 447 824 dubitatio,
474 759 529 810 aut
542 747 626 808 baec
648 745 787 808 narratio
809 743 885 822 fingi
907 742 1077 824 potuisset,
1104 741 1167 805 nisi
1189 742 1363 826 antiquitas
1383 745 1423 808 de

273 852 392 932 tragica
414 851 531 913 Critiae
551 850 640 932 potiti
662 847 784 931 aliquid
805 845 983 927 accepisset.
1035 843 1098 906 Sed
1128 843 1250 907 duabu
1279 846 1313 908 id
1341 847 1422 912 locis

274 953 391 1016 indicat
411 955 517 1030 Plato,
538 973 608 1016 cum
631 951 761 1014 Critiam
785 949 896 1012 eodem
917 947 1011 1010 ruodo
1032 946 1117 1009 dicat
1137 951 1300 1014 Charmidi
1320 953 1423 1033 irasci,

273 1078 338 1140 qtao
371 1056 518 1120 histrioni
550 1067 647 1138 potita
677 1059 871 1133 sumenssat,
909 1053 1030 1114 fabulae
1062 1052 1162 1134 ipsine
1195 1058 1423 1138 corrumpenti.

273 1159 434 1222 Charmid.
454 1182 488 1241 p.
505 1161 567 1220 tot
582 1161 629 1221 D:
652 1159 795 1244 Κριτίας
809 1158 928 1237 -ὲίίοξιν
951 1151 1166 1242 ὀργισθῆναι,
1186 1154 1299 1242 ὥσπερ
1321 1185 1421 1243 ποιη-

272 1255 334 1348 τὴς
354 1257 523 1348 ὑποκριτῇ
529 1310 541 1340 ,
570 1262 678 1334 κακῶς
700 1261 858 1328 claudiam
887 1255 1077 1326 adsessori
1098 1254 1289 1345 ποιήματα.
1341 1263 1421 1323 ltem

273 1366 612 1448 Socratesrsspondet
634 1363 768 1444 Critiae,
793 1385 862 1426 cum
885 1362 1043 1426 auditores
1063 1364 1202 1443 rogarit,
1224 1377 1260 1426 ut
1282 1367 1421 1428 animum

273 1471 313 1533 ad
333 1492 365 1534 se
387 1469 605 1548 adverterent,
636 1467 715 1530 (init.
737 1490 768 1549 p.
792 1471 853 1530 108
875 1468 919 1529 B:
949 1467 1099 1552 προλίγα
1119 1463 1269 1552 νομήν,
1291 1462 1318 1533 ὦ
1343 1470 1420 1553 φίλι

273 1574 421 1658 Κριτία,
453 1597 506 1640 σοι
533 1568 596 1656 τὴν
619 1571 682 1637 τοῦ
703 1565 856 1654 θοοίτρου
881 1563 1061 1647 διάνοιαν,
1090 1565 1142 1636 ὅτι
1166 1574 1379 1656 θαυμαστῶς
1402 1567 1420 1640 ὁ

273 1671 437 1762 πρότερος
468 1671 690 1758 εὐδοκίμησεν
719 1677 758 1740 ts
787 1665 879 1758 stirpi
910 1671 1069 1757 ποιητήν.
1124 1671 1212 1750 Quae
1241 1695 1358 1738 vereor
1386 1688 1421 1738 ut

272 1780 360 1862 quis,
381 1777 487 1841 indole
510 1775 771 1855 dissimsdantias,
794 1778 919 1859 qualem
941 1778 1127 1858 plerumque
1151 1776 1289 1840 suendis
1310 1778 1422 1841 Socra·

273 1897 337 1963 tes,
368 1895 451 1945 recte
472 1894 654 1964 perspecta,
682 1879 721 1943 de
743 1880 863 1962 pob‘sis,
890 1897 983 1962 quam
1006 1878 1121 1940 Critias
1143 1881 1293 1959 coluerit,
1314 1881 1421 1944 studio

273 1984 453 2066 accipienda
475 2005 540 2046 esse
564 1985 731 2048 existimet.
775 1982 1004 2046 Stallbaum.
1023 1981 1062 2044 ad
1081 1985 1114 2044 b.
1129 1985 1151 2044 l.
1191 1983 1324 2046 Groen
1347 2005 1419 2049 van

272 2089 506 2152 Prinsterer
531 2090 721 2168 Prosopogr.
751 2087 874 2148 Platon.
903 2108 935 2166 p.
960 2089 1030 2147 138.
1082 2085 1220 2150 Mirarer
1246 2087 1361 2168 igitur,
1394 2089 1421 2151 si

272 2194 396 2254 nullutn
419 2192 510 2268 bujus
532 2192 654 2270 generis
679 2191 836 2271 specimen
859 2191 1042 2268 exsisteret,
1076 2209 1145 2251 cum
1176 2211 1193 2252 c
1214 2193 1327 2254 ceteris
1348 2193 1421 2255 lite·

272 2315 377 2358 rarum
399 2295 576 2374 generibus,
597 2283 713 2377 q'uibus
734 2313 862 2374 operam
884 2292 981 2371 dedit,
1003 2293 1177 2372 fragmenta
1198 2297 1289 2358 nobis
1309 2297 1420 2359 relicta

272 2399 345 2460 siut.
387 2398 428 2458 Et
450 2399 594 2478 quamtis
615 2395 695 2459 illud
717 2417 943 2478 saepenumero
963 2396 1119 2475 acciderit,
1142 2409 1177 2458 ut
1198 2417 1295 2479 opera
1315 2401 1419 2462 minus

272 2501 341 2562 noti
362 2501 549 2582 obscurique
572 2500 734 2580 scriptoris
755 2501 800 2562 iis·
816 2501 1057 2579 assignarentur,
1079 2519 1214 2583 quorum
1236 2521 1348 2564 nomen
1371 2523 1418 2564 es-

272 2614 319 2664 set
342 2601 514 2680 illustrius,
544 2613 648 2664 tanren
669 2603 725 2666 vix
748 2623 811 2666 uuo
832 2605 978 2685 exemplo
1002 2609 1272 2686 comprobaveris,
1300 2611 1419 2690 scripta

273 2705 468 2768 celeberrimi
489 2712 601 2787 po'e'tae
624 2706 743 2768 bomini
766 2708 884 2771 tributa
891 2753 900 2786 ,
922 2713 1008 2786 cujus
1029 2709 1129 2788 lama,
1158 2723 1213 2774 aut
1233 2711 1359 2774 infamia
1380 2713 1417 2773 in

272 2811 343 2872 aliis
363 2809 466 2887 vitae,
498 2811 550 2874 vel
571 2809 674 2890 po'e‘sis
696 2809 810 2873 stodiis
830 2812 1079 2895 potius,.qus1n
1101 2814 1134 2874 in
1157 2835 1248 2876 scena
1268 2814 1419 2878 ellloruit.

272 2912 541 2991 Quemadmodum
563 2914 662 2993 igitur
690 2915 810 2978 fabulas
833 2914 995 2997 Euripidis
1017 2934 1122 2986 censes
1144 2916 1262 2980 Critiae
1282 2920 1418 2981 tributas

272 3013 363 3080 esse?
404 3016 472 3082 Nec
492 3037 569 3084 uero
590 3018 768 3098 tragoediae
789 3019 934 3102 Euripidi
954 3021 1029 3084 olim
1051 3019 1226 3101 adscriptae
1248 3041 1312 3082 non
1334 3035 1416 3101 sunt,

272 3141 350 3204 quas
377 3121 512 3184 alionum
529 3129 610 3186 'esse
640 3131 801 3205 petitarum
830 3138 940 3206 postes
961 3123 1156 3204 grammatici
1179 3125 1415 3192 intellexerunt.

272 3225 359 3302 Quae
382 3226 528 3289 universe
550 3247 656 3290 somus
677 3229 821 3308 praelati,
843 3247 907 3310 quo
928 3227 1050 3289 facilius
1065 3226 1211 3309 deinceps
1230 3223 1416 3309 tragoedias,

272 3328 312 3390 de
333 3329 447 3410 quibus
468 3330 651 3410 ambigitur,
687 3330 820 3412 Critiae,
853 3352 893 3392 an
914 3330 1074 3412 Euripidis
1097 3329 1231 3413 luerint,
1254 3335 1327 3395 huic
1350 3353 1415 3398 esse

272 3429 474 3494 vindicandas
498 3446 676 3514 appareret.

357 3532 393 3594 ld
415 3534 498 3596 enim
520 3555 557 3597 eo
576 3536 672 3615 stragis
695 3535 734 3599 nd
757 3536 919 3602 veritatem
939 3539 1029 3602 nobis
1050 3535 1269 3621 persuadetur,
1288 3555 1354 3618 quo
1368 3533 1416 3597 di·

272 3636 419 3715 ligentitrs
435 3639 557 3717 singula
571 3639 763 3720 quaestionis
781 3647 940 3705 momenta
958 3644 1063 3706 auim'o
1077 3639 1308 3726 perpendimus.
1350 3639 1415 3719 Ap.

271 3743 357 3805 Sext.
379 3740 501 3822 Empir.
522 3741 594 3805 adr.
612 3746 707 3826 Phys.
728 3767 761 3827 p.
783 3751 848 3810 262
869 3747 1018 3827 legimust
1046 3748 1102 3814 sol
1125 3744 1271 3828 Κριτίαι·
1292 3740 1345 3820 til,
1367 3739 1417 3818 ele

271 3847 339 3911 sair
362 3849 399 3912 ἐν
422 3837 597 3928 Ἀθήναις
626 3848 929 3934 τυραννησάντων,
963 3851 1055 3918 doust
1079 3854 1115 3916 ἐτι
1144 3847 1209 3914 τοι)
1238 3841 1418 3929 τάγματος

271 3949 338 4016 των
367 3940 480 4016 (idios
509 3943 677 4039 ύπιίρχειν
708 3946 880 4036 φάμενος,
913 3948 965 4019 ὅτι
995 3957 1027 4019 oi
1056 3950 1195 4020 παλαιοί
1225 3947 1417 4030 νομοθέται

271 4045 457 4118 ἐπίσκοπόν
481 4075 558 4118 τινα
580 4056 648 4119 τών
674 4051 902 4137 ἀνθρωπίνων
924 4050 1198 4140 κατορθωμάτων
1223 4051 1279 4116 ταί
1303 4045 1417 4134 ἆμαρ-

271 4149 434 4234 apsidatas
460 4155 614 4221 ἔπλασαν
642 4146 704 4225 τᾶν
732 4151 820 4222 θεὸν
849 4155 1032 4241 autperto
1058 4153 1329 4242 μηδένα-λάθρα
1356 4147 1417 4218 τὸν

272 4255 417 4338 πλησίον
438 4249 578 4334 sidensis,
598 4251 856 4344 οὐλαρίοίιμινον
872 4252 1020 4343 tristiori
1038 4261 1104 4326 τῶν
1126 4260 1216 4328 θεων
1235 4255 1415 4342 τιμωρίαν.

272 4359 338 4442 ἔχει
359 4356 394 4424 tt
416 4355 497 4443 παρ’
514 4353 606 4448 αὐτῷ
628 4355 667 4426 sd
688 4355 791 4445 ῥητόν
813 4356 935 4436 οὕτως·

396 4450 470 4527 Ἠν
491 4457 628 4547 χρόνον,
650 4454 754 4549 ὅτ’ἦν
775 4459 922 4538 ἄτακτος
944 4456 1137 4550 ἀνθρώπων
1157 4463 1252 4549 βίος-
