3076 4998
255 515 311 584 ιιοὶ
332 511 405 602 μὴν
426 512 469 584 οὐ
492 513 535 602 y‘,
554 508 580 584 ὦ
602 514 821 604 ιιαοᾶιιογον,
843 474 1075 602 ον’ρῦπροιινοι
1093 521 1128 588 si

256 613 299 684 ον’
321 630 390 692 τοῖς
410 613 577 703 λόγοισιν,
598 613 683 686 cilici
706 633 778 692 τοῖς
799 613 1020 704 παθήμασιν.

124 719 333 800 Quapropter
361 739 431 780 cum
459 720 535 780 haee
562 720 710 784 mollities
737 719 778 782 ad
808 731 944 782 teneram
967 720 1109 802 corporis
1129 735 1274 788 venusta·

127 835 189 886 tam
212 821 391 900 accederet,
422 821 461 884 de
485 844 549 906 qua
572 823 839 905 supradiximus,
868 823 1104 889 similitudinem
1126 827 1275 908 speciem-

126 949 188 1011 que
203 927 348 990 mulieris
362 927 465 1008 gessit,
487 929 526 990 ah
541 927 750 1010 Aristophane
765 926 954 1009 lepidissime
971 927 1136 1010 depictam.
1179 928 1275 1014 Apud

127 1051 223 1113 quem
242 1029 411 1112 Euripides
432 1032 625 1110 Agathonem
647 1033 779 1096 amicum
802 1033 1006 1096 vehementer
1030 1047 1136 1113 rogat,
1165 1046 1201 1097 ut
1228 1034 1274 1096 le·

126 1134 239 1196 mineio
254 1134 400 1196 vestibus
421 1132 550 1199 indutus
572 1157 708 1200 caussam
729 1137 828 1218 ipsius
848 1136 881 1199 in
900 1137 1145 1219 Thesmophoria
1167 1149 1276 1200 contra

128 1239 276 1316 mulieres
297 1238 446 1320 suscipiat
469 1233 707 1305 defendendam.
748 1240 907 1304 Nimirum
927 1241 968 1320 ei,
993 1253 1027 1304 ut
1048 1239 1188 1304 mulieris
1209 1241 1275 1301 ior·

127 1361 210 1404 mam
232 1343 348 1406 habere
369 1343 477 1425 possit,
498 1357 626 1430 praeter
645 1345 793 1408 vestitum
816 1345 902 1408 nihil·
917 1355 1021 1406 censet
1041 1343 1155 1407 deesse.
1198 1342 1276 1404 Erat

127 1445 213 1508 euim
235 1447 390 1511 formosus
419 1459 451 1511 et
479 1447 628 1512 candidus
652 1461 685 1510 et
708 1448 835 1512 derasus
858 1461 889 1511 et
914 1447 1061 1512 muliebri
1085 1467 1162 1512 voce
1184 1464 1277 1527 prae·

126 1546 213 1610 ditus
245 1561 277 1610 et
306 1549 411 1612 mollis
441 1562 474 1612 et
503 1551 660 1633 speciosus
690 1549 729 1614 ad
760 1550 948 1631 videndum,
980 1563 1015 1614 ut
1044 1549 1211 1632 Euripides
1239 1548 1275 1610 in
1324 1603 1326 1606 .

125 1650 318 1733 lhesmoph.
341 1655 419 1716 191:

298 1749 342 1822 osi
363 1749 396 1820 δ’
411 1747 646 1840 εὐπρόσωπος,
666 1750 803 1833 lacsir,
823 1757 1061 1842 ἐξυρημένος,-

298 1850 570 1943 rusiccadiensem,
592 1852 744 1938 doside,
766 1851 940 1944 εὐπρεπὴς
963 1858 1055 1926 ἰδεῖν.

125 1959 187 2023 Sed
211 1958 244 2020 iu
266 1960 314 2038 iis,
336 1983 417 2044 quas
438 1961 479 2024 nd
501 1961 718 2047 quotidianum
740 1966 805 2040 ejus
821 1962 971 2026 vestitum
992 1961 1161 2044 pertinent,
1180 1961 1274 2039 longe

126 2067 222 2145 plura
242 2064 357 2128 rationi
379 2066 500 2146 poesia,
526 2086 621 2149 quam
645 2066 770 2130 veritati
791 2063 992 2147 respondent.
1033 2065 1114 2128 Nam
1137 2061 1274 2127 officium

125 2169 160 2231 in
181 2145 330 2229 concidne
351 2166 518 2230 mulierum
539 2181 646 2249 partes
667 2168 842 2232 sustinendi
864 2167 1065 2249 deprecatus,
1090 2166 1274 2228 muliebrem

126 2281 274 2332 ornatum
295 2269 450 2350 Euripidi,
475 2282 509 2332 ut
529 2271 760 2334 Mnesilochum
782 2284 920 2348 ornaret,
946 2270 1100 2351 flagitanti
1121 2266 1218 2344 dedit,
1240 2277 1275 2328 ut

126 2385 284 2436 crocotem
304 2373 429 2434 Thesm.
452 2376 531 2452 253,
553 2373 731 2455 strophium
753 2376 833 2452 255,
853 2374 1034 2450 reticulum,
1056 2371 1179 2432 mitram
1200 2369 1275 2448 257,

125 2476 294 2539 rotundam
315 2489 434 2539 vestem
455 2479 529 2556 261,
554 2480 670 2541 calceos
690 2482 765 2542 262.
807 2478 847 2540 Et
868 2478 940 2556 ille,
962 2477 1011 2539 his
1030 2476 1170 2542 vestibus
1192 2493 1275 2536 sum·

125 2580 207 2660 ptis,
228 2581 403 2644 simillimus
425 2581 558 2645 feminae
580 2584 701 2648 exstitit
723 2585 803 2646 2662

298 2678 385 2768 οἷνῆρ
406 2689 473 2768 μὲν
496 2684 583 2769 ἡμῖν
603 2681 721 2757 odaocl
743 2687 800 2754 ael
822 2680 862 2772 δὴ
883 2680 970 2772 poen*

298 2781 337 2854 ad
357 2780 388 2872 ν’
401 2787 499 2862 aldor.

124 2889 258 2970 Semper
277 2891 478 2970 novaculam,
501 2893 588 2954 velut
609 2893 703 2956 homo
725 2891 892 2972 delicatus,
912 2911 1016 2956 seeum
1038 2889 1131 2970 gessit
1152 2892 1232 2953 218:

295 2984 482 3075 Ἀγάθων,
503 2985 545 3058 οὐ
567 2992 689 3073 μέντοι
709 3000 899 3077 ξυροφορεῖς
919 2988 1089 3058 dedoceas.

124 3095 175 3155 De
196 3093 454 3177 intemperantia,
476 3117 570 3179 quam
590 3096 624 3157 in
647 3095 749 3176 epulis
772 3093 925 3172 ostendit,
951 3092 1075 3156 tametsi
1095 3093 1134 3154 ab
1155 3089 1276 3152 Aristo-

123 3199 229 3280 phane
250 3199 284 3260 in
305 3200 401 3264 Ranis
423 3221 494 3263 eum
513 3201 715 3264 vehementer
736 3199 949 3279 vituperatum
970 3194 1116 3271 vidimus,
1139 3191 1276 3273 antiqui·

124 3313 173 3364 tas
194 3301 274 3362 nihil
294 3304 463 3367 memoriae
483 3302 636 3385 prodidit,
658 3303 692 3363 ni
712 3301 886 3365 Scholiasta
907 3299 947 3364 ad
968 3300 1048 3364 Rau.
1069 3317 1150 3381 quae
1171 3295 1275 3372 habet,

125 3425 167 3467 ex
195 3405 327 3468 vetustis
356 3407 497 3470 hausisse
526 3409 616 3471 libris
644 3406 788 3470 videtur:
822 3397 956 3491 ἁγαθός
979 3398 1042 3470 οόν
1067 3395 1276 3486 cedmonaei

124 3501 190 3592 τὴν
211 3505 381 3592 τράπεζαν
402 3507 571 3598 λαμπρός.
614 3510 678 3576 Sed
697 3512 791 3574 latius
812 3508 1004 3591 comparatio
1025 3505 1157 3570 Luciani
1178 3514 1276 3587 patet,

124 3609 183 3691 qui
197 3611 329 3673 Rhetor.
344 3613 453 3674 Praec.
474 3613 498 3692 i.
515 3619 573 3680 11:
596 3606 711 3700 ὀλίγος
728 3617 795 3694 μὲν
816 3617 879 3690 ἔτι,
900 3607 1006 3685 odiar
1027 3633 1063 3675 aa
1084 3610 1138 3676 eol
1157 3600 1277 3676 ὦαιιιν-

124 3712 235 3790 θίνας
255 3710 318 3789 τᾶι
338 3715 455 3804 τοῖχοι
475 3710 715 3798 εὐθετίζοντα,
737 3710 922 3801 παναβρόν
944 3736 1021 3803 aava
1045 3709 1277 3797 Σαρδανάπα-

124 3819 207 3894 λον,
237 3811 260 3900 ἢ
284 3811 465 3903 Κινύραν,
495 3814 518 3904 ἢ
548 3812 654 3888 otieo'e
682 3816 889 3905 Ἀγάθωνα,
922 3811 983 3885 τὸν
1006 3819 1066 3902 τῆς
1093 3810 1277 3898 τραγῳὸἶᾱέ

122 3920 313 4004 ἐπέραστον
341 3925 470 3989 ἐκεῖνον
498 3919 667 4007 ποιητὴν,
701 3925 898 4004 Agathouem
924 3917 1138 3998 Sardanapalo
1166 3924 1198 3974 et
1224 3909 1277 3973 ct·

122 4043 223 4103 nyrae
241 4035 412 4105 comparat.
455 4023 537 4087 Nam
551 4025 693 4088 luxuries
711 4028 823 4090 horum
841 4026 875 4087 in
898 4045 953 4087 ore
976 4020 1062 4100 vulgi
1084 4016 1170 4080 etin
1192 4032 1276 4075 com·

122 4125 271 4190 munibus
300 4126 477 4208 proverbiis
505 4128 581 4189 olim
611 4131 803 4192 versabatur.
845 4128 891 4192 Ut
920 4126 1052 4207 Cinyras
1085 4115 1275 4200 opulentiae,

41 4285 44 4292 .
123 4229 416 4309 Diogenianavlll,
440 4233 498 4309 53,
530 4233 640 4311 Apost.
661 4232 777 4307 xviii,
799 4234 859 4309 93,
887 4230 999 4291 Arsen.
1019 4230 1104 4304 441,
1129 4217 1275 4303 append.

123 4331 181 4411 IV,
203 4337 265 4414 68,
286 4335 388 4416 Heyn.
409 4332 450 4396 ad
471 4332 656 4414 Apollodor.
678 4336 728 4413 lll,
752 4338 803 4410 14,
823 4341 862 4410 4,
887 4330 1073 4394 Leutsch.
1095 4324 1136 4388 ad
1156 4325 1273 4404 Dioge-

124 4437 211 4499 nian.
224 4438 249 4500 l.
263 4438 297 4516 1.,
320 4457 425 4518 parem
447 4436 608 4517 conjunxit
629 4439 750 4500 luxum.
792 4437 843 4497 De
864 4429 1048 4498 libidinibus
1070 4426 1275 4510 Sardanapali
