3044 4982
650 267 700 340 47

98 455 334 530 Φιλοπείθους
356 449 428 532 vido
448 489 492 504 --
516 459 548 534 ἐξ
569 451 744 546 Αἰσχύλου
766 453 919 544 σίδελφῆς.
967 459 1054 524 Suid.
1079 483 1107 532 s.
1125 486 1155 529 v.
1176 467 1245 532 At-

93 557 220 651 σχόλσυ
247 559 305 636 δὲ,
339 559 404 627 scri
433 561 614 644 κραγιιιοιί,
647 553 691 644 ῆν
720 551 943 646 ἀδελφιδοῦς,
971 565 1065 627 setosi
1085 565 1245 649 Euripidis

94 685 214 745 suppar
236 663 308 726 fuit.
353 661 442 724 said.
464 683 489 726 s.
510 685 541 724 v.
563 655 719 746 spurcatis
740 675 811 736 τοῖς
831 662 967 751 χρόνοις
986 660 1072 747 pascui
1096 661 1244 754 Εὐριπί-

95 767 170 852 δην.
213 766 281 830 Ubi
302 785 364 846 pro
385 761 474 852 μεσιὶ
499 765 700 826 Clintonus
723 760 808 832 κασσί
828 767 916 845 legit.
958 769 1007 829 Ab
1030 770 1242 850 Aristophane

96 871 234 951 primum
252 869 370 948 Vespis
390 866 508 947 01.*89‚
524 873 554 946 2,
578 864 691 929 deinde
712 867 832 940 Avibus
855 866 905 932 Ol.
921 872 1011 946 91,2
1034 884 1165 935 vexatus
1187 887 1243 938 est.
1335 947 1340 966 Ι

96 972 286 1054 Sophoclem
302 971 427 1050 devicit,
450 972 562 1034 cuniis
579 969 735 1052 Oedipum
751 972 865 1051 Regem
882 971 1019 1035 doceret.
1062 976 1243 1042 Dicaearch.

96 1077 127 1136 in
161 1078 349 1156 Argument.
381 1077 530 1158 Sophocl.
563 1073 642 1140 Oed.
670 1076 748 1156 ng.
801 1077 1032 1140 Buttmann.
1053 1077 1180 1154 Quaest.
1203 1081 1243 1144 de

96 1180 280 1242 Dicaearch.
303 1203 335 1262 p.
358 1183 409 1242 39.
454 1176 541 1254 Quae
568 1179 675 1240 fabula
701 1180 802 1241 multo
831 1192 903 1242 ante
930 1182 1064 1246 alterum
1086 1181 1243 1264 Oedipum

97 1295 297 1366 mortemque
319 1283 485 1363 Sophoclis
507 1281 721 1364 etlEuripidis
743 1295 810 1344 acta
832 1295 896 1362 est,
925 1286 1099 1349 Brunck.
1121 1286 1160 1348 ad
1181 1289 1242 1348 Ar·

97 1407 179 1464 gum.
202 1390 225 1446 l.
239 1388 273 1466 1.,
296 1386 363 1450 sive
385 1384 436 1450 Ol.
457 1390 508 1466 87,
530 1391 560 1462 3,
582 1387 648 1461 sive
671 1383 722 1450 01.
742 1387 794 1465 87,
814 1394 836 1450 4
858 1409 981 1452 stenem
1003 1391 1242 1453 Atheniensium

98 1490 233 1552 ornavit.
278 1491 487 1552 Welclter.
506 1491 600 1568 Trag.
622 1490 732 1552 Graec.
756 1492 792 1552 P.
814 1491 838 1554 1.
868 1513 901 1572 p.
925 1497 998 1557 249.
1042 1494 1134 1556 Addo
1156 1495 1242 1578 quod

97 1592 270 1653 Morsimue
291 1591 430 1654 Philocle
451 1593 663 1669 σείσασθαι
684 1591 848 1654 mediocris
866 1601 975 1674 poeta,
1001 1593 1050 1658 01.
1074 1601 1126 1676 88,
1146 1605 1167 1660 4
1192 1621 1243 1660 rs·

97 1695 272 1773 prehensus
295 1692 420 1756 dicitur.
463 1693 527 1772 Qui
548 1697 575 1757 si
596 1707 673 1772 tum,
693 1695 778 1777 quod
802 1695 929 1778 quidem
949 1712 1126 1762 extremum
1148 1723 1243 1786 pono,

97 1796 216 1874 viginti
235 1795 342 1858 habuit
363 1817 479 1875 annos,
509 1810 540 1858 et
562 1799 588 1858 si
613 1809 705 1877 pater
731 1795 838 1858 eadem
859 1811 960 1860 astate
982 1803 1167 1877 Morsimum
1184 1825 1243 1884 ‚ge-

96 1898 186 1975 nuit‚
216 1899 368 1961 Philocles
396 1913 427 1961 st
450 1901 675 1980 illosempore
697 1898 969 1981 quadragesimum
996 1905 1106 1966 aetatis
1126 1927 1244 1968 annum

98 2000 218 2065 dudum
239 2015 442 2081 superaverat
466 2015 497 2064 et
519 2003 744 2082 sexagesimum
765 2003 854 2084 prins
876 2005 1041 2084 attigerat,
1066 2029 1159 2089 quem
1181 2012 1244 2074 Eu·

99 2103 218 2187 ripides
240 2117 371 2168 naturae
397 2104 537 2168 debitum
565 2107 714 2170 reddidit.
760 2106 847 2184 Quae
877 2129 946 2169 cum
974 2109 1020 2170 ita
1048 2111 1129 2192 sint,
1163 2135 1243 2197 quo·

100 2210 184 2270 niam
211 2220 340 2270 cunctae
371 2209 522 2291 temporis
553 2212 691 2274 rationes
718 2212 754 2274 in
785 2214 867 2274 hunc
896 2234 992 2276 uuum
1023 2217 1102 2278 bene
1129 2235 1243 2281 conve·

100 2307 209 2389 niunt,
236 2312 299 2374 duo
322 2315 416 2389 hujus
435 2314 570 2376 nominis
593 2324 700 2396 poetas
725 2336 922 2397 nequaquam
948 2315 1065 2395 fingam
1093 2321 1242 2398 cogimur.

185 2414 399 2478 Nihilominus
427 2414 492 2478 duo
513 2417 667 2478 Philocles
689 2411 920 2497 tragoediarum
942 2420 1110 2500 scriptores
1136 2423 1241 2502 luisse,

100 2516 154 2578 ubi
175 2517 296 2599 primus
322 2519 492 2581 Florens
523 2519 789 2582 Christianus
816 2519 855 2582 ad
877 2523 1038 2604 Aristoph.
1057 2526 1155 2607 Vesp.
1177 2529 1242 2589 460

99 2620 332 2702 animaduertit,
356 2625 465 2704 postca
485 2625 644 2706 permulti,
666 2625 808 2706 quamvis
830 2625 1006 2688 Kustero
1029 2625 1242 2711 adsuunt,

100 2726 162 2786 605
187 2725 359 2804 obnitente,
380 2726 616 2790 contenderunt.
660 2730 695 2790 ln
718 2745 852 2810 quorum
874 2749 1006 2792 numero
1030 2731 1242 2796 Fabricium

98 2826 183 2889 Bihl.
213 2826 271 2889 Gr.
299 2829 393 2890 T.11.
423 2851 457 2910 p.
477 2833 542 2893 314
573 2843 604 2892 et
635 2832 899 2894 Welcherum
924 2834 1018 2912 Trag.
1048 2833 1102 2896 Gr.
1132 2835 1168 2897 P.
1189 2837 1242 2899 Ill.

99 2950 133 3009 p.
155 2932 227 3008 969,
253 2933 338 2991 1060
360 2932 566 2994 nominemus.
600 2931 767 2994 Nimirum
789 2933 962 2996 Scholiasta
983 2938 1045 2998 Av.
1068 2940 1149 3000 282:
1171 2944 1242 3008 ἔστι

102 3034 139 3101 δὲ
165 3035 360 3118 Φιλοκλῆς,1
381 3033 553 3120 κωμῳδίας
583 3027 730 3117 ποιησῆς
760 3035 816 3100 καί
850 3036 1080 3109 Φιλοπείθους
1110 3033 1183 3110 υἱός
1210 3045 1242 3116 ἐξ

99 3134 275 3228 Αἰσχύλου
296 3133 452 3224 ἀδελφῆς.
490 3133 593 3204 Ὅσοι
617 3135 651 3204 δὲ
671 3131 864 3223 Ἁλμίυκος
886 3131 993 3206 adsis
1015 3163 1137 3224 φασιν,
1166 3147 1243 3208 ἐπι-

98 3242 242 3314 θεσιιιιός
270 3241 402 3325 λέγουσι
432 3233 487 3306 διαί
516 3233 555 3306 τό
585 3234 708 3324 πικρόν
737 3241 836 3310 εἶναι.
868 3237 966 3326 όίλμη
984 3234 1089 3327 μδρῆ
1112 3244 1242 3330 πικρία.

97 3339 257 3429 γεγόνασι
280 3344 315 3410 δὲ
340 3345 511 3416 Φιλοκλιῖς
531 3342 613 3421 δύο,
642 3342 833 3430 τραγῳδιῶν
859 3343 1018 3428 ποιῆσαί,
1049 3341 1097 3420 εἷς
1125 3349 1194 3430 μὲν
1222 3343 1242 3415 δ

101 3446 304 3521 Φιλοκλέους
325 3442 506 3530 σίπόγσκσς.
535 3445 662 3512 ἐκείνου
685 3449 753 3528 μὲν
773 3439 839 3530 μσίρ
858 3442 968 3531 ’Ἄρης
989 3441 1184 3532 Μόρσιμος,
1206 3455 1241 3517 ἐκ

97 3544 225 3616 σοότου
249 3549 285 3617 δὲ
305 3544 542 3632 Ἀστυδάμας,
562 3553 597 3614 ἐκ
616 3544 743 3616 τούτου
766 3548 803 3615 δὲ
830 3548 994 3632 Φιλοκλῆς
1015 3551 1070 3616 καί
1092 3557 1202 3634 ἕτερος
1223 3549 1242 3618 ό

98 3650 186 3720 καυοί
214 3647 279 3736 τῆν
308 3647 418 3736 αόυῆυ
444 3644 579 3734 ῆλικίαυ
609 3647 871 3735 περιπεπτωκσίς
898 3653 944 3736 τῷ
970 3651 1115 3738 νεωτέρῳ
1141 3654 1241 3720 Φιλο-

99 3753 178 3818 κλεῖ.
220 3751 284 3830 Qui
304 3754 391 3814 locus
413 3765 491 3835 quot
513 3751 700 3835 quantisque
722 3753 774 3815 vel
796 3752 935 3814 tenebris
959 3754 1156 3829 obscuratus,
1189 3755 1241 3815 vel

100 3851 337 3918 difficultatibus
367 3854 555 3936 impeditus,
586 3856 638 3918 vel
668 3854 755 3916 vitiis
782 3855 963 3936 inquinatus
991 3853 1053 3918 est!
1096 3855 1177 3917 Nam
1205 3867 1241 3915 ut

98 3958 292 4020 mentionem
315 3959 423 4020 comici
442 3969 555 4041 po'e'tae
578 3959 729 4035 omittam,
750 3940 788 4018 de
811 3979 874 4040 qua
894 3979 969 4025 mox
990 3959 1241 4034 inlra==dicemus‚

99 4060 177 4144 quid
199 4074 292 4142 pater
305 4063 451 4124 Morsimi
471 4063 609 4124 Philocle
631 4074 729 4124 natus.
744 4061 868 4140 dicitur,
890 4083 983 4146 σασα]
1004 4063 1147 4142 plerique
1170 4078 1241 4121 con·

100 4167 242 4229 sentiunt
259 4166 359 4228 filium
378 4166 569 4246 Philopithis
587 4163 703 4229 lusisse?
747 4165 824 4242 Quis
840 4162 949 4252 ’Ἄρης
966 4159 1142 4247 Μόρσιμος
1160 4158 1242 4222 fuit?

100 4267 202 4345 Quem
224 4268 374 4332 Philoclis
396 4269 472 4330 dicit
500 4269 683 4350 aequalem?
727 4269 831 4346 Quare
857 4265 1033 4331 emendatio
1054 4264 1242 4326 Bueckhil

101 4372 156 4435 (ir.
176 4375 233 4436 Tr.
254 4373 308 4434 Pr.
330 4393 362 4454 p.
380 4377 420 4438 33
443 4373 619 4435 necessaria.
637 4386 700 4452 est,
722 4374 777 4456 qui
801 4369 1029 4440 Φιλοπείθους
1054 4386 1113 4446 pro
1142 4368 1243 4436 Φιλο-
