3048 4998
257 308 330 388 tet

253 498 302 565 ed:
325 495 471 564 linrsotr.
518 499 624 588 Atque
647 518 688 564 ex
716 497 765 566 his
788 497 926 590 denique
952 499 1125 567 elernentis
1151 523 1230 568 vera
1243 501 1423 591 tragoedia

251 602 412 694 prosiluit,
443 614 479 671 ut
499 605 676 672 rectissime
698 602 761 672 buc
784 605 894 672 referii
915 608 1018 696 possit
1038 607 1169 674 Aristot
1192 606 1230 673 A.
1252 607 1290 674 P'.
1314 631 1343 676 c.
1362 608 1421 676 lv.

251 709 378 788 aalide
407 707 598 795 praeficitis
628 709 867 796 μεταβαλοῦσα
900 710 919 793 ἡ
954 711 1124 803 τρυγῳδία
1155 710 1330 780 ἐπαύσατο
1360 718 1421 780 καὶ

251 817 324 904 ἔσχε
350 815 409 898 τὴν
431 818 551 898 ἑαυτῆς
577 814 690 905 φύσιν.
739 819 808 886 Sed
838 821 1024 911 tragoediae
1053 822 1214 911 inquirere
1240 823 1421 911 primordia

250 947 338 992 nunc
358 935 504 992 nostrum
525 949 590 993 non
613 936 678 1009 esta
712 925 871 994 sufficiunt
891 927 988 1018 igitur
1008 925 1091 994 haec
1114 938 1146 993 et
1168 951 1254 1018 quae
1274 928 1317 995 de
1340 928 1422 1019 lyri-

252 1052 310 1100 cae
337 1032 523 1126 tragoediae
550 1042 619 1099 tum
648 1033 827 1123 primordiis
861 1043 929 1100 tum
961 1045 1076 1100 natura
1104 1036 1306 1124 praemonui.
1358 1036 1420 1103 Sin

250 1162 328 1206 vero
352 1141 448 1206 etiam
469 1137 550 1206 haec
572 1138 716 1208 nonnulli
736 1149 898 1230 'tanquam
920 1139 1154 1230 digressionem
1175 1161 1306 1223 meram·
1324 1141 1420 1208 dam-

250 1246 407 1328 naverint,
428 1247 459 1326 ii,
481 1269 523 1312 ne
542 1244 785 1327 obliviscuntur,
806 1266 938 1336 precor,
973 1239 1013 1314 de
1036 1245 1238 1337 dithyramba
1259 1272 1314 1316 me
1337 1251 1420 1316 scri-

250 1351 329 1419 bere
347 1353 536 1434 instituisse,
556 1355 655 1442 ,cujus
679 1353 782 1441 poetis
808 1349 857 1418 his
886 1353 982 1420 etiam
1008 1350 1172 1442 longiores
1199 1351 1421 1444 digressiones

250 1457 406 1525 licuerint.
451 1457 603 1525 Ceterum
624 1457 720 1547 paulo
742 1458 839 1539 inira,
862 1457 916 1524 ubi
939 1459 979 1524 de
1002 1457 1308 1548 dithyrambioorum
1339 1461 1419 1528 cho·
1507 1471 1508 1546 ι

251 1576 415 1632 reatarurn
436 1587 570 1631 numero
594 1564 815 1640 disserendum
844 1565 909 1646 est,
930 1564 1141 1656 aliquatenus
1170 1565 1234 1632 huc
1263 1566 1344 1632 mihi
1366 1591 1419 1633 re·

251 1671 441 1739 vertendum
465 1693 536 1738 esse
559 1671 741 1761 praevideo,
763 1671 839 1738 cuin
861 1669 950 1741 chori
971 1674 1085 1764 tragici
1098 1695 1251 1739 nunerus
1272 1697 1341 1740 non
1357 1675 1419 1739 nisi

254 1801 271 1844 e
293 1779 532 1869 comparatione
548 1777 667 1868 lyricae
682 1779 867 1868 tragoediae
883 1801 958 1846 cum
974 1778 1174 1869 dithyrambo
1185 1789 1279 1846 recte
1298 1781 1420 1848 deduci

254 1895 358 1975 queat.
393 1886 477 1954 Vide
500 1909 570 1976 cap.
590 1885 656 1954 Vll.

338 1992 405 2059 Sed
422 1995 491 2084 jam
513 2001 658 2060 revertor
691 1992 732 2060 ad
759 1995 968 2083 propositum.
1019 1991 1191 2082 Disputata
1221 1996 1308 2060 eninr
1333 1994 1418 2086 haec

252 2107 328 2166 sunt
355 2102 462 2165 omnia
495 2099 536 2165 ad
570 2099 770 2166 refutandam
800 2098 961 2168 Lorentzii
991 2097 1190 2190 aliorumque
1223 2105 1418 2168 sententiam

253 2205 293 2271 de
315 2205 500 2295 tragoediae
522 2204 644 2295 lyricae
667 2207 700 2272 in
728 2205 850 2272 ltaliam
872 2229 931 2297 per
952 2204 1105 2271 Arionem
1127 2208 1417 2297 transmigratione.

251 2312 398 2394 Accedit,
434 2312 521 2403 quod
546 2311 683 2380 heroum
709 2313 814 2380 cultus
842 2311 985 2380 initalia
1015 2311 1082 2378 iere
1109 2313 1227 2401 magis,
1256 2337 1357 2402 quarn
1383 2318 1417 2380 in

250 2421 321 2508 ipsa
344 2417 479 2486 Graecia
501 2418 644 2501 floreret,
677 2443 739 2509 qua
762 2419 802 2486 de
824 2442 858 2486 re
880 2428 916 2486 ut
936 2417 1080 2510 pluribus
1114 2415 1291 2486 disserendi
1312 2419 1418 2488 labori

253 2527 359 2616 quiete
380 2525 592 2616 supersedere
612 2547 754 2615 possem,
775 2525 896 2592 iactum
918 2534 969 2592 est
984 2524 1045 2592 Ori.
1065 2523 1213 2592 bluellen'
1228 2549 1338 2616 opera,
1362 2529 1417 2618 qui
1506 2575 1507 2590 ι

250 2642 326 2700 ante
348 2630 552 2700 Schneidew.
574 2631 659 2720 lbyc.
680 2655 710 2722 p.
726 2629 770 2697 X.
786 2630 834 2698 Xl
862 2655 935 2698 earn
956 2655 1026 2702 rem
1047 2630 1190 2721 pluribus
1214 2633 1319 2700 verbis
1340 2657 1419 2725 per-

252 2749 382 2807 secutus
405 2749 461 2806 est.
506 2738 681 2806 Praeterea
702 2761 781 2805 vero
808 2736 886 2805 inihi
915 2761 1044 2830 quoque
1071 2737 1243 2830 aliquando
1271 2739 1336 2808 huc
1364 2765 1416 2808 rc-

250 2845 397 2914 vertendi
417 2856 560 2936 potestas
584 2847 659 2928 erit,
688 2849 775 2912 'cum
784 2846 825 2913 de
847 2843 1017 2914 Xenocriti
1035 2843 1135 2912 Locri
1160 2847 1336 2967 paeonibus
1361 2860 1417 2916 aut

252 2951 460 3044 dithyrambis
480 2953 651 3020 dicendum
681 2954 748 3019 erit

338 3059 482 3144 Quodsi
503 3083 589 3128 nunc
613 3060 653 3126 dc
675 3058 867 3150 dithyrambi
886 3059 979 3126 nobis
1002 3061 1104 3149 patria
1120 3063 1169 3144 ⁸⁸)
1194 3071 1330 3143 constat,
1352 3061 1416 3130 boc
1505 3037 1506 3054 .

252 3163 382 3248 [acilius
401 3165 611 3256 intellegitur,
639 3173 698 3234 cnr
721 3186 833 3233 onmes
857 3165 1008 3234 clariores
1028 3175 1145 3256 poetae
1167 3164 1273 3256 lyrici,
1304 3178 1340 3235 ut
1363 3171 1415 3236 Si·

250 3270 406 3353 monides,
427 3269 649 3363 Bacchylides,
670 3272 855 3364 Pindarus,
868 3271 1082 3396 Philoxenus,
1106 3262 1253 3341 Telestes
1274 3299 1335 3418 per
1358 3277 1414 3344 ali·
1504 3311 1505 3342 ι

289 3573 383 3642 ”llio
406 3535 494 3643 origg.
518 3573 613 3640 ditlryr.
638 3574 731 3631 Omlolr
755 3575 871 3628 Mueller
887 3573 952 3624 Dor
972 3574 1003 3646 ΙΙ,
1021 3590 1049 3644 p.
1067 3575 1119 3629 368
1138 3574 1192 3628 ait·
1217 3576 1276 3636 „In
1301 3573 1415 3628 Corinth

248 3721 253 3736 ι
320 3677 379 3742 rear
404 3676 446 3721 co,
470 3667 511 3712 wa
537 3661 960 3747 er(1lrr'oa)opter1’erinnder
983 3669 1076 3713 socrat
1100 3658 1151 3714 deo
1174 3609 1321 3728 cyclircbcu
1342 3662 1415 3716 Cbar
1503 3691 1504 3694 ¹

271 3749 274 3754 '
320 3737 373 3804 zor
396 3742 574 3814 Dorstellooy
599 3749 672 3800 atores
696 3722 870 3814 Ditbryrombr
894 3745 1015 3812 sintita,-
1037 3747 1122 3800 waiet
1143 3765 1173 3802 cr
1195 3748 1413 3802 wrrbrscber‘atieb

258 3827 275 3863 ’·’
301 3835 532 3890 *localedalorse
551 3833 889 3901 benotzteoartdefrtape
908 3821 1214 3898 ambroniacenses
1230 3835 1414 3896 ιιιιιιιΡιιιιιιι-
1502 3871 1503 3918 3

277 3949 280 3956 ·
318 3941 367 3978 ιιι
388 3926 438 3977 nott
462 3923 576 3990 atalpero
592 3922 694 3976 Recbto
719 3919 965 3978 carnotenae
994 3924 1155 3978 Vatmtruh
1180 3922 1412 3988 demitterent
1502 3923 1503 3942 ¹

320 4010 436 4064 anachore
454 4006 555 4062 ιιιιιιιι.”
593 4009 693 4062 Vellem
716 4009 863 4065 indicasset
879 4008 910 4060 V.
929 4011 962 4062 D.
981 4025 1113 4077 quaenam
1138 4010 1191 4062 etia
1214 4011 1277 4061 urbs
1300 4015 1349 4065 ant
1372 4009 1414 4060 in·
1502 4013 1503 4068 ξ

320 4101 380 4152 suta
398 4114 433 4149 ex
455 4096 540 4165 ipsius
564 4096 700 4150 sententia
723 4094 825 4148 inventi
849 4095 962 4161 gloriam
987 4096 1117 4150 obtineat.
1152 4097 1249 4164 Neque
1273 4095 1325 4149 boc
1347 4097 1412 4149 satio

318 4185 448 4250 intellege
471 4184 706 4252 quaenm‘initie
728 4188 811 4252 atque
834 4181 1009 4236 incitamenta
1021 4183 1301 4238 'dicata-Curiatiae
1320 4185 1412 4237 Διιιιιιι

321 4263 495 4339 suppeditata
510 4270 604 4326 ιιιίιιι.
639 4271 781 4340 Siquidem
792 4269 888 4336 lyricas
899 4269 1055 4338 tragoediae
1067 4270 1211 4336 intellexit,
1228 4271 1305 4324 nibil·
1314 4287 1411 4338 moror,

322 4357 363 4410 sin
382 4373 444 4410 vero
462 4356 595 4412 Bacchica
617 4361 688 4414 loeta
713 4355 830 4412 carmina
850 4372 909 4410 meo
925 4355 987 4420 jure
1007 4356 1159 4412 distentior.
1175 4383 1211 4398 κ-
