3076 4998
788 297 863 370 176

261 491 465 562 Villoison.
494 484 645 552 Anecdot.
676 484 714 546 T.
734 484 759 545 l.
787 503 820 564 p.
844 481 918 542 248.
970 479 1157 562 Harpocrat.
1185 497 1211 541 a.
1241 500 1272 542 v.
1316 479 1409 542 Phot.

262 623 295 684 p.
319 599 380 659 119
408 592 458 655 ed.
478 592 567 652 Poro.
609 590 701 650 Patre
726 605 799 648 usus
821 595 869 647 est
892 580 1085 648 Orthomene
1107 579 1261 666 quodam,
1288 580 1340 644 cui
1358 599 1411 642 co·

262 701 334 766 mici
355 694 440 761 haud
462 693 556 757 dubie
578 709 749 772 cognomen
771 687 874 751 Xuthi
897 684 1069 763 deder'unt,
1101 682 1188 767 quod
1208 686 1290 747 alter
1310 684 1362 762 lo,
1390 705 1410 744 a

263 824 327 888 quo
353 819 449 880 genus
470 795 625 858 ducebant
644 794 750 870 lones,
777 791 887 854 Xutho
907 801 999 850 natus
1021 786 1200 866 dicebatur,
1221 786 1310 852 Suid.
1330 807 1357 850 s.
1378 808 1409 850 υ.

263 909 548 986 harpocraten:
569 892 643 970 uide
663 894 705 962 δὲ’
720 889 980 978 Ὀρθομένους,
1001 888 1178 974 ἐπίκλησιν
1198 889 1235 957 δὲ
1252 883 1413 960 Ξούθου

263 1012 408 1073 Aetatem
429 1003 520 1079 hujus
541 994 652 1060 Suidas
673 996 752 1056 bene
773 991 896 1070 definit,
917 990 1133 1070 octogesimam
1155 992 1285 1053 alteram
1307 993 1410 1074 olym.

264 1109 407 1195 piadem,
427 1115 463 1166 ut
484 1114 608 1182 tempus
628 1095 820 1178 significans,
840 1113 904 1176 quo
925 1095 1059 1175 primam
1081 1094 1275 1175 tragoediam
1297 1094 1410 1157 docue-

266 1213 326 1278 rit:
348 1204 523 1294 ἦρξαυυδὲ
540 1195 602 1276 au'c
620 1198 804 1286 τραγῳδίας
822 1195 989 1266 διδάσκειν
1004 1200 1060 1266 ἐπὶ
1079 1199 1139 1283 τῆς
1157 1191 1217 1284 νβ
1236 1191 1411 1281 ὀλυμπιά-

267 1317 335 1390 δος.
375 1310 457 1374 Nam
479 1316 564 1369 recte
585 1303 782 1379 Bentlejus
803 1297 919 1382 Opusc.
941 1323 973 1382 p.
992 1304 1057 1364 495
1080 1300 1299 1364 Aemilium
1320 1300 1411 1362 Por·

266 1431 350 1482 tum
371 1407 560 1485 confutavit,
581 1404 639 1489 qui
658 1416 750 1468 notus
770 1403 910 1482 nunteri,
933 1403 1155 1487 quibus-aetas
1175 1402 1258 1485 apud
1278 1402 1410 1468 Suidam

264 1518 432 1592 indicatur,
452 1510 564 1576 latine
585 1508 631 1570 ita
651 1506 818 1589 expressit,
838 1503 1057 1588 quactum
1079 1506 1112 1568 in
1128 1525 1249 1569 mnam
1270 1505 1409 1587 primum

266 1619 443 1705 prodiisset.
486 1610 671 1696 Quanquam
688 1611 715 1673 is
730 1622 858 1692 praeter
873 1607 1054 1688 lensium,
1073 1609 1296 1689 Menagium,
1316 1609 1410 1672 Vos·

265 1724 379 1798 sium,
411 1735 491 1800 quos
522 1736 585 1780 una
612 1724 703 1776 notat
730 1713 945 1790 Bentlejus,
973 1710 1113 1776 Lilium
1142 1710 1347 1794 Gyr'aldum
1373 1732 1411 1774 ac

265 1820 511 1890 Meinersium
533 1818 654 1882 Histoe.
674 1819 744 1882 Art.
766 1814 855 1898 Orig.
874 1817 910 1878 in
925 1815 1035 1880 Gracc.
1055 1817 1092 1879 T.
1105 1817 1128 1882 1.
1149 1823 1181 1898 p.
1198 1819 1260 1878 aut
1285 1815 1318 1877 in
1336 1837 1413 1880 eun·

267 1928 338 1993 dem
354 1943 495 1988 ertemm
511 1919 654 1985 deduxit.
697 1917 855 2000 Objscerit
872 1919 1003 1983 lemme
1019 1918 1185 2002 quispiam,
1203 1921 1299 2002 longe
1316 1921 1412 1984 alium

267 2048 433 2094 numerum
445 2026 479 2086 in
489 2022 603 2088 Suidae
615 2023 698 2086 libro
712 2024 752 2086 ob
765 2024 872 2086 oeulos
888 2022 1051 2091 Aemilio
1066 2024 1185 2084 Porto
1198 2021 1306 2104 luisse,
1316 2025 1413 2088 alium

268 2137 364 2214 vulgo
384 2129 464 2210 lagi,
484 2125 539 2190 scd
560 2127 588 2190 si
609 2127 680 2205 fuit,
701 2129 777 2192 haec
798 2126 942 2190 lectionis
962 2127 1096 2192 uarietas
1118 2149 1154 2191 ea
1174 2127 1216 2192 de
1236 2148 1343 2190 caussa
1363 2147 1414 2190 re·

267 2238 318 2318 jici
340 2235 448 2309 debet,
472 2226 559 2312 quod
580 2227 753 2292 Scholiasta
773 2228 884 2291 cumei
903 2227 1056 2310 eundem,
1076 2251 1171 2314 quem
1190 2231 1323 2314 plurimi
1341 2229 1413 2294 Sui·

267 2340 325 2404 dse
346 2335 422 2398 libri
443 2344 589 2411 tuentur,
612 2353 777 2395 numerum
799 2331 916 2398 diserte
939 2334 1259 2416 verbisconeignauit
1272 2334 1320 2397 :sd
1340 2334 1414 2398 Art·

267 2439 566 2522 stapulensem
594 2436 651 2503 lul
679 2428 905 2522 ὀγδοηκοστῆς
931 2439 988 2506 aul
1013 2438 1169 2525 δευτέρας
1190 2433 1411 2524 ὀλυμπιάδας.

268 2544 373 2622 Quare
395 2543 598 2606 vehementer
617 2535 895 2602 Tiademannue
916 2539 956 2603 de
977 2541 1114 2624 Princip.
1130 2541 1212 2609 Phil.
1229 2543 1284 2606 Gr.
1304 2541 1412 2623 pesa

268 2657 364 2724 errat,
387 2643 443 2726 qui
459 2643 565 2704 lenem
582 2653 684 2704 censet
700 2645 862 2725 aequalem
878 2646 1085 2728 Pythagorae,
1105 2658 1162 2709 aut
1177 2643 1282 2708 ¹aetate
1302 2645 1415 2726 pauxi-

270 2770 354 2814 mum
370 2747 476 2808 luisse.
519 2742 641 2820 Quarto
658 2764 742 2806 anno
757 2747 962 2826 octogesimae
980 2760 1108 2812 octavae
1125 2748 1416 2834 olympiadis,·cum

269 2851 398 2936 quidem
420 2850 535 2913 Amiso
558 2851 673 2917 archon
703 2862 783 2914 esset
812 2851 963 2928 Athenis,
993 2853 1026 2914 in
1052 2871 1143 2921 scena
1169 2873 1239 2916 cusa
1264 2849 1416 2934 Euripide

268 2969 365 3038 atque
386 2954 539 3036 lephonte
561 2951 733 3016 contendit.
774 2953 958 3034 Argument.
980 2955 1151 3040 nd-·Eurip.
1172 2957 1318 3038 mppste
1342 2953 1415 3022 sde-

267 3054 386 3146 δόχθη
417 3057 471 3124 ἐπὶ
499 3048 706 3141 Ἀμαίνυνος
734 3051 899 3144 ἄρχοντος
922 3051 1139 3145 Ὀλυμυὶιᾶδι
1168 3053 1238 3141 αξ,
1270 3065 1337 3127 tres
1353 3051 1417 3124 δ’.

268 3154 408 3246 πρώτας,
420 3151 632 3244 Εὐριπίδης,
648 3153 822 3242 attalum
841 3153 984 3245 Ἰοφῶν,
1014 3157 1128 3247 νρνύυρΙ
1149 3157 1241 3228 Ἴων.
1291 3160 1338 3223 Ex
1365 3158 1416 3223 hie

268 3283 347 3329 vero
364 3261 551 3334 testimoniis
566 3273 707 3322 necesitate
722 3272 846 3342 tempus
861 3261 1034 3342 conficitur,
1055 3263 1088 3326 in
1108 3261 1194 3348 quod
1206 3261 1417 3337 conveniunt,

270 3385 352 3448 quae
370 3363 539 3426 historicis
559 3361 657 3424 libris
689 3363 845 3442 attigisse,
878 3366 943 3428 vel'
959 3363 1100 3448 copiose
1116 3372 1257 3436 narrasse
1286 3361 1418 3426 dicitur.

270 3463 540 3543 Quemadmodum
568 3464 600 3526 in
629 3464 817 3548 Epldemiis,
833 3523 835 3528 .
849 3487 917 3530 sese
937 3467 1196 3549 cum-Sophocle
1223 3465 1417 3542 consdniase,

271 3567 456 3647 scripserat,
490 3587 559 3628 cum
589 3569 616 3630 is
645 3569 678 3630 in
710 3568 927 3649 expeditione,
962 3583 1072 3634 contra
1089 3571 1417 3649 .Lesbius‘suscepta,

268 3671 385 3735 Chium
399 3669 582 3750 appulisset.
612 3672 727 3734 Athen.
749 3674 835 3735 Xlll.
855 3693 887 3755 p.
900 3673 1018 3737 603E:
1044 3673 1208 3757 20qu
1225 3674 1270 3757 τῷ
1290 3670 1417 3754 ποιηαῇ

270 3779 309 3843 ἐν
331 3772 407 3859 Χίῳ
434 3767 646 3858 συνήντησα,
671 3771 729 3842 ὅτε
755 3777 849 3843 tutu
871 3780 921 3852 sle
942 3777 1082 3860 Λέσβον
1109 3771 1308 3858 ανραιηγόα.
1351 3769 1418 3834 lJbi

270 3893 451 3959 quanquam
480 3873 541 3936 iter
566 3876 753 3942 nobilissimi
780 3885 891 3960 po'e‘tae
920 3879 953 3940 in
980 3879 1115 3952 [nabatea
1145 3886 1417 3952 consummaretur,
1531 3885 1532 3888 ’

270 3994 374 4044 temen
395 3976 435 4041 de
454 3978 540 4040 bello
560 3980 741 4060 cogitamus,
761 3980 848 4062 quod
865 3979 1084 4059 Athenienses,
1101 3979 1221 4058 Pericle
1240 4000 1277 4038 ae
1292 3976 1417 4058 Sopho·

246 4135 248 4140 ,
271 4084 318 4147 cle
338 4081 488 4160 ducibus,
509 4080 631 4146 Samiis
644 4079 695 4147 Ol.
715 4086 768 4159 84,
790 4090 813 4146 4
833 4083 1019 4147 intulerunt.
1062 4078 1300 4146 Buechhtic.
1323 4082 1416 4158 Tang.

270 4187 323 4249 Pr·
343 4205 376 4266 p.
389 4186 463 4248 107.
502 4185 606 4258 Porro
621 4187 814 4263 removeret,
836 4186 987 4252 Periclem
1003 4187 1171 4269 gloriatum
1193 4183 1298 4260 luisse,
1321 4181 1418 4265 quod,

272 4307 343 4348 curn
364 4287 567 4366 Agamemno·
583 4286 637 4350 vix
658 4285 765 4348 decem
784 4287 875 4351 annis
896 4292 1041 4368 Troiam,
1072 4291 1183 4352 urbem
1209 4287 1418 4348 barbarorum

272 4405 452 4468 expugnare
473 4385 643 4470 potuisset,
673 4391 945 4472 opulentissimum
967 4393 1201 4476 maximumque
1220 4389 1331 4452 lunum
1360 4405 1418 4467 op·
