3076 4998
115 528 156 570 ex
172 505 282 568 schola
305 503 565 585 philosophorum
587 523 685 586 eaque
707 503 855 583 Socratis,
877 503 911 566 ni
933 505 1079 583 lallimur,
1102 504 1136 565 in
1157 506 1266 587 possin

116 609 291 685 transtulit,
314 619 348 667 ut
369 608 484 670 multus
504 619 536 668 et
558 604 776 670 definitionum
798 620 830 670 et
851 607 1041 672 divisionum
1060 626 1132 672 usus
1154 607 1266 687 arguit,

118 725 216 796 utque
233 713 387 774 nonnulla
409 711 686 816 argumentationis
708 711 852 792 exempla
867 711 957 774 nobis
972 711 1154 775 illustrant.¹
1183 707 1270 785 Qun«
1384 743 1388 750 ·

118 815 199 878 circa
222 813 436 895 prudentiam,
459 811 527 876 cum
548 814 639 877 Plato
662 815 836 897 principem
858 814 997 878 omnium
1019 809 1174 877 virtutum
1196 831 1268 893 per·

117 919 243 995 lribeat,
268 916 399 994 Diogen.
422 917 527 978 Laert.
551 918 604 995 lll,
627 920 684 994 57,
705 934 854 998 magnam
876 933 942 980 esso
964 913 1053 978 deam
1076 916 1199 994 Agatho
1219 913 1268 977 di·

119 1021 173 1100 cit,
192 1019 284 1082 stan.
307 1019 405 1081 Serm.
428 1041 481 1102 ap.
502 1019 616 1084 Wech.
639 1024 698 1084 28.

292 1114 421 1188 ”‘Aii
400 1145 424 1204 η
445 1118 605 1207 φρόνησις
628 1117 651 1208 ἡ
671 1116 791 1209 ἀγαθὴ
812 1113 895 1195 θιὸι
916 1119 1034 1204 μέγας.

119 1227 230 1308 ltaque
251 1221 436 1305 sapientiam
463 1245 541 1307 prae
567 1225 687 1290 divitiis
709 1246 775 1288 esse
804 1223 1012 1308 expetendam
1035 1221 1150 1298 docet,
1176 1221 1265 1283 θεοὶ).

120 1331 143 1388 l.
166 1329 293 1406 l.,139:

250 1429 373 1513 σοφίας
396 1432 571 1515 φθονῆσαι
594 1433 747 1517 μᾶλλον,
767 1427 790 1518 ἢ
811 1429 963 1500 πλούτου
983 1428 1099 1498 καλόν.

120 1533 210 1594 Hanc
233 1533 316 1594 enim
336 1535 427 1598 Plato
449 1537 493 1597 ait
514 1557 564 1619 ap.
584 1538 792 1618 Diogenlll,
815 1539 876 1599 38:
899 1537 986 1606 εἶναι
1010 1530 1076 1618 τήν
1095 1533 1162 1600 τῶν
1186 1553 1269 1616 νοη-

120 1635 189 1700 ιών
212 1636 268 1703 sul
291 1631 396 1713 ducor
418 1633 526 1706 ivam
553 1637 766 1724 ἐπιστήμην,
801 1633 845 1722 ἥν
876 1661 957 1722 φησι
987 1637 1062 1720 περὶ
1093 1629 1182 1700 θεὸν
1211 1631 1267 1698 aui

121 1732 238 1825 ψυχήν
259 1731 414 1821 σώματος
435 1742 694 1830 κεχωρισμένην.
738 1739 808 1816 Qua
837 1738 914 1821 quid
942 1739 1151 1820 praestantius
1178 1733 1270 1818 quid·

122 1861 186 1922 que
216 1842 396 1921 optabilius·
414 1836 490 1922 fingi
520 1841 684 1924 poterati·
723 1841 927 1924 Quapropter
954 1841 1178 1922 philosophum
1205 1854 1269 1896 non

122 1945 224 2004 solnm
246 1941 280 2004 in
303 1963 340 2006 eo
361 1957 485 2008 secutus
506 1960 570 2026 est,
598 1942 684 2029 quod
706 1948 782 2008 haec
803 1947 899 2009 animi
920 1948 1002 2007 bona
1024 1942 1153 2023 plurimi
1178 1939 1271 2000 aesti-

120 2049 236 2126 mavit,
265 2047 320 2111 sed
347 2050 439 2114 aliam
468 2072 594 2136 quoque
622 2051 817 2132 sapientiam·
830 2073 869 2114 ex
890 2048 1043 2113 sententia
1066 2050 1149 2122 ejus,
1179 2029 1270 2102 aliam

122 2148 325 2231 prudentiam
347 2175 413 2218 esse
436 2157 549 2219 voluit.
591 2155 803 2219 Nihilominus
825 2155 926 2218 multa'
947 2173 988 2214 ex
1015 2163 1104 2234 parta
1132 2146 1271 2227 philoso-

122 2256 219 2336 phiae
241 2253 279 2316 de
301 2257 441 2319 moribus
461 2258 601 2320 hausisse
622 2257 764 2335 videtur,
786 2278 870 2335 cum,
892 2275 972 2338 quae
995 2250 1172 2314 hominibus
1193 2245 1271 2307 acci·

124 2357 217 2434 dant,
248 2377 284 2419 ea
308 2379 362 2421 sen
383 2378 554 2441 prospera,
586 2379 642 2422 ssu
660 2360 770 2423 minue
793 2357 928 2422 secunda
949 2357 1028 2432 sint,
1056 2350 1172 2434 partim
1201 2347 1270 2424 arti,

123 2460 242 2542 partim
268 2462 431 2542 fortunae,
459 2464 574 2543 partim
598 2463 774 2526 necessitati
796 2462 904 2525 deberi
926 2456 1103 2524 contendat.
1151 2450 1269 2514 Eodem

124 2565 186 2624 alia
203 2565 377 2644 pertinent,
402 2585 481 2648 quaa
500 2585 574 2631 moa
596 2565 751 2648 copiosius
771 2577 979 2648 exponentur.
1024 2557 1143 2638 Quodsi
1167 2566 1271 2616 autem

123 2687 251 2744 versus,
279 2685 358 2750 quos
379 2667 531 2732 Stobaaus
553 2669 652 2732 Serm.
674 2673 755 2748 tas,
783 2689 925 2753 quosque
946 2670 1117 2729 Artanes
1136 2656 1273 2722 Maxim.

123 2793 175 2853 ap.
197 2772 312 2834 Wech.
334 2772 433 2835 Saum.
459 2777 520 2835 140
549 2786 730 2851 servarunt,
760 2786 871 2838 tenore
893 2782 1058 2835 contextus
1079 2768 1271 2840 interrupto,

124 2873 236 2936 eodem
259 2897 299 2936 cx
320 2878 390 2938 loco
411 2876 568 2957 desumpti
591 2891 680 2955 sunt,
711 2890 854 2939 natrrram
882 2899 917 2938 ac
938 2871 1165 2957 turpitudinem
1189 2860 1273 2924 invi·

123 2977 196 3040 diae
218 2977 480 3058 philosophorum
506 2997 593 3040 more
615 2981 790 3039 luculenter
811 2977 987 3040 declaravit.
1030 2973 1099 3034 Hoc
1121 2969 1203 3032 enim
1224 2962 1273 3028 vi·

122 3082 219 3155 tium,
251 3078 336 3162 prod
357 3099 400 3142 ex
418 3080 611 3164 inaequabili
631 3082 786 3141 bonorum
808 3079 1003 3160 possessione
1025 3074 1108 3135 inte'r
1129 3066 1271 3130 homines

125 3184 267 3261 oriatur,
292 3181 414 3244 efficere
435 3184 496 3262 ait,
517 3195 555 3244 ut
578 3203 619 3245 ex
639 3183 778 3246 adversis
799 3183 909 3259 rebus,
932 3195 1011 3262 quae
1033 3173 1102 3236 aliis
1123 3165 1272 3240 accidant,

124 3284 274 3365 gaudium
299 3285 506 3365 percipiant,'·
526 3265 671 3348 dolorem
698 3305 792 3362 vero,
822 3286 848 3347 si
880 3301 960 3366 quos
990 3279 1098 3342 favore
1128 3272 1272 3334 fortunae

125 3397 252 3448 ntantcs
278 3379 536 3450 animadvertant.
580 3389 616 3449 ln
646 3407 709 3471 quo
737 3389 796 3450 hoc
827 3375 1041 3465 turpissimum
1072 3391 1272 3454 summaeque

126 3489 304 3552 dementiae
326 3508 404 3568 esse,
424 3488 509 3571 quod
531 3491 624 3569 bona,
653 3511 734 3573 quae
755 3487 855 3551 invidi
875 3487 1034 3567 appetant,
1058 3481 1131 3545 vilia
1153 3499 1187 3539 ac
1209 3475 1272 3536 l'ra-¹

126 3595 202 3674 gilia
222 3593 365 3656 habenda
386 3595 466 3672 sint,
490 3593 578 3656 stol.
601 3593 700 3656 Serm.
724 3593 911 3673 apwech.
935 3591 1016 3652 139:-

258 3695 379 3778 σοφίας
400 3697 571 3778 odoarium
592 3697 745 3814 uuilon,
769 3691 791 3778 ἢ
813 3689 968 3761 πλούτου
988 3684 1108 3756 ιιιιλόν.1

127 3798 228 3859 Velut
249 3799 352 3861 minus
377 3799 520 3860 insanum
542 3801 642 3862 visum
666 3819 722 3875 ιιι,
751 3797 778 3860 si
800 3795 838 3858 de
860 3793 1012 3877 sapientia
1034 3788 1281 3876 obtrectaretur:

127 3902 233 3963 Placet
261 3902 358 3982 igitur
387 3902 509 3962 concisa
537 3913 790 3982 argumentorum
822 3899 928 3961 series.
981 3895 1124 3972 Namque
1154 3885 1273 3947 duabut

128 4023 171 4064 ex
194 4005 307 4068 caussis
336 4004 436 4067 insidi
457 4005 705 4086 vituperantur,
724 4004 862 4084 primum
888 4002 1045 4083 quianon
1069 4011 1144 4055 vero
1166 4001 1273 4048 tenen

127 4116 183 4166 tur
204 4106 369 4188 bonorum,
393 4127 473 4189 quae
498 4107 553 4168 alii
574 4119 692 4184 tenent,
714 4105 879 4182 desiderio,
901 4103 973 4165 dein
1001 4094 1086 4179 quod
1108 4096 1188 4154 bono
1210 4107 1273 4149 non

128 4220 219 4286 sunt,
249 4231 329 4291 quac
359 4228 496 4271 caussam
525 4207 661 4270 invidiae
692 4209 862 4268 continent.
912 4200 1019 4265 Adeo
1041 4190 1145 4257 omnia
1165 4187 1274 4250 confici

128 4330 221 4391 posse
244 4325 356 4391 censet,
378 4310 437 4377 etsi
457 4311 484 4374 is
506 4310 623 4377 lactum
639 4310 787 4374 inienuus
806 4305 939 4371 reddere
957 4309 1102 4381 nequeat
1145 4292 1275 4364 Aristar.

126 4415 201 4478 Eth.
224 4414 346 4478 Nicom.
367 4416 421 4494 Vl,
443 4419 480 4476 2.
