3044 4982
812 345 891 396 xvt
918 381 924 392 .

284 504 412 590 quidem
433 503 461 567 si
487 505 579 570 nohis
600 503 722 586 integer
744 518 825 570 esset
846 504 983 586 relictus,
1004 522 1172 592 appareret
1195 510 1286 591 illud,
1307 512 1341 575 in
1363 534 1438 598 quo

283 625 348 676 tam
369 612 427 689 vis,
449 631 543 692 quam
568 629 618 674 ars
639 609 831 691 tragicorum
851 611 986 674 maxime
1007 613 1110 693 posita
1131 627 1187 691 eat,
1215 615 1293 698 quid
1316 618 1436 696 tragici

282 727 415 798 propter
436 715 514 777 artis
537 726 700 793 ornatum,
733 718 785 778 vel
813 714 1028 780 uecesaitatem
1053 717 1087 778 in
1114 717 1227 780 tabulis
1249 733 1437 784 autument.

282 820 480 882 Valcken.
501 818 637 881 Diatrib.
658 840 690 899 p.
707 821 821 882 263A.
864 817 1049 884 Simillimue
1068 820 1150 882 liber
1171 821 1233 884 fuit
1254 823 1435 902 Demarati,

282 943 376 1006 quem
408 922 539 992 fortasse
570 921 807 1002 Theophrastus
834 921 919 986 iuter
945 922 1105 986 auditores
1130 924 1251 989 habuit.
1273 959 1275 964 ·
1294 926 1436 1008 Diogen.

281 1026 387 1088 Latrt.
409 1026 451 1101 V,
473 1028 504 1102 2,
522 1029 578 1088 14.
617 1025 702 1091 Nam
729 1025 757 1088 ia
787 1029 825 1093 lu
852 1023 970 1112 πρῶιῳ
999 1026 1285 1114 speypdsupss'eus
1311 1051 1329 1092 a
1357 1029 1434 1092 Cle-

282 1139 381 1196 ment.
400 1129 495 1191 Alex.
514 1129 662 1209 Ριοιιιρ.
681 1128 736 1206 ttl,
754 1131 808 1204 42,
836 1149 855 1190 a
874 1127 1010 1192 Stobaec
1030 1128 1131 1194 Serus.
1152 1131 1307 1208 XXXIX,
1325 1135 1367 1196 33
1391 1137 1433 1200 ἐν

281 1235 382 1322 apiago
404 1231 561 1296 laudatur.
588 1291 591 1298 ,
613 1230 757 1296 Eundem
780 1231 952 1298 Scholiasta
972 1230 1011 1296 ad
1033 1233 1184 1312 Apolluo.
1202 1231 1306 1296 Rhod.
1326 1236 1349 1311 1,
1374 1238 1431 1312 45,

281 1339 367 1408 1289
391 1335 475 1398 citat.
527 1335 589 1400 Sed
619 1349 704 1400 certe
730 1338 983 1418 Theophrastum
1004 1336 1103 1402 Duris
1121 1335 1246 1401 Samius
1273 1335 1429 1416 audiam,

280 1439 474 1510 Athamlv.
496 1460 528 1519 p.
550 1443 612 1504 tsa
633 1441 679 1517 D,
698 1445 796 1518 -cujus
819 1439 1008 1505 industriam
1029 1438 1138 1504 laudat
1159 1439 1192 1499 in
1214 1438 1346 1504 historia
1368 1459 1429 1521 po-

280 1543 373 1606 sitam
395 1542 465 1612 Cic.
483 1541 523 1606 ad
543 1543 640 1612 Attic.
662 1543 719 1620 Vl,
740 1548 771 1604 t.
814 1541 877 1618 Qui
897 1539 1026 1626 quidem
1058 1562 1122 1614 uon
1148 1543 1249 1606 solum
1270 1541 1310 1605 de
1330 1543 1427 1608 Euri·

279 1645 355 1728 pide
376 1669 412 1712 ac
432 1645 589 1727 Sophocle
611 1645 754 1727 scripsit,
776 1647 892 1712 Athen.
911 1647 934 1708 l.
951 1647 992 1724 1.,
1018 1644 1080 1710 sed.
1096 1646 1189 1708 etiam
1208 1646 1322 1708 librum
1345 1648 1423 1729 scapi

278 1743 417 1834 ‹iyciouu
438 1749 587 1831 reliquit,
619 1750 652 1813 ia
674 1770 739 1833 quo
754 1749 914 1832 Dionysia
934 1769 999 1813 nun
1020 1759 1093 1814 sunt
1115 1748 1237 1812 omissa.
1277 1750 1425 1829 Apostol.

275 1856 373 1918 Prot.
390 1853 491 1931 XVll,
512 1856 565 1916 30.
609 1851 896 1917 Commemuremue
915 1849 1051 1933 denique
1071 1851 1304 1930 Philochorum,
1326 1853 1426 1916 Athe·

278 1957 418 2020 nienaem
439 1968 544 2022 vatem
569 1953 767 2037 eundemque
788 1953 1000 2035 haruspicem,
1028 1954 1085 2037 qui
1106 1954 1186 2018 circa
1208 1956 1424 2018 Eratosthenis

280 2069 413 2120 aetatem
435 2057 516 2120 dolis
537 2058 865 2136 Antigouiuccuhuit.
899 2055 996 2120 ‘soit
1018 2077 1044 2122 s.
1064 2078 1097 2120 t.
1138 2055 1211 2135 Qui,
1229 2057 1310 2120 sicut
1322 2053 1424 2120 libros

280 2159 475 2240 conscripsit,
495 2157 552 2240 qui
574 2171 636 2226 tam
658 2180 710 2223 res
728 2160 979 2236 Atheniensium,
1000 2163 1094 2243 quam
1120 2175 1220 2223 artem
1240 2181 1328 2224 suam
1349 2162 1424 2223 illu·

280 2274 435 2340 slrarent,
464 2263 580 2326 Athen.
598 2263 675 2328 XV.
703 2285 736 2343 p.
757 2266 821 2326 693
842 2265 892 2344 D,
909 2267 980 2329 .Xl.
1000 2287 1031 2344 p.
1054 2267 1118 2328 495
1141 2264 1225 2327 (3.1ἲ
1247 2276 1305 2326 etc.
1335 2265 1424 2326 XlV.

278 2389 312 2448 p.
329 2369 393 2428 648
412 2366 463 2444 D,
494 2366 539 2438 ita
568 2363 608 2431 de
635 2363 765 2436 ludicris
791 2367 1029 2432 Atheniensium
1058 2367 1279 2431 certaminibus
1303 2365 1423 2443 retulit,

278 2479 481 2550 argumenta,
508 2489 591 2552 quae
613 2467 784 2549 Sophoclea
804 2470 868 2550 sihi
885 2470 1048 2536 tractanda
1069 2481 1262 2552 sumpserat,
1283 2467 1424 2550 quisquc

277 2571 545 2654 librisaaposuit,
564 2569 669 2654 ,deque
691 2568 847 2652 Euripide
865 2573 1001 2656 scripsit.
1037 2567 1156 2638 'Suidaa
1165 2583 1195 2634 ἰ.
1207 2592 1238 2634 ιι
1260 2571 1336 2655 saepi
1357 2571 1424 2636 tois

277 2671 473 2766 Ἀθήνῃσιν
492 2669 632 2763 ἀγόνων
652 2677 776 2761 βιβλία
798 2672 854 2757 ιζ’,
876 2678 953 2764 περὶ
976 2680 1044 2744 sus
1065 2675 1275 2760 lupualdum
1296 2671 1423 2758 μύθων

278 2779 402 2866 βιβλία
423 2774 462 2855 ι’,
486 2770 793 2863 trapraipmidou.
836 2781 886 2842 De
907 2780 1022 2863 quihus
1043 2781 1140 2841 rebus
1161 2782 1268 2840 utrum
1288 2776 1424 2856 singula-

278 2882 369 2946 ribus
396 2881 504 2958 libris,
535 2901 584 2944 au
601 2880 636 2942 iu
663 2880 781 2962 scripto
801 2881 1036 2966 disputaverit,
1064 2883 1188 2966 quod
1177 2905 1213 2944 m
1241 2884 1424 2961 Argtmsent.

281 2986 427 3051 Hecubae
451 2983 615 3049 Hafuieusi
637 2983 785 3052 laudatur
807 2979 862 3071 (ιὸ
884 2987 968 3073 scapi
984 2986 1169 3146 cpuypdiac
1190 2978 1423 3069 σύγγραμμα).

280 3089 374 3172 plana
393 3084 524 3151 dubium
547 3098 603 3152 est.

276 3233 279 3240 ·
368 3189 432 3268 Qut
453 3210 560 3258 omues
583 3214 666 3258 cuns
674 3194 842 3258 talimodo
863 3195 980 3275 partim
993 3204 1108 3269 artem,
1127 3187 1244 3272 partim
1259 3117 1419 3248 historiam

281 3296 471 3373 tragicorum
493 3295 717 3376 illustrassent,
747 3310 857 3382 aetas
853 3297 971 3358 critica
998 3294 1172 3372 successit,
1189 3289 1252 3374 qua
1272 3309 1337 3350 nou
1357 3301 1418 3348 tam

282 3399 482 3475 exploratum
503 3407 566 3474 eat,
598 3398 674 3482 quid
696 3409 806 3481 po‘a'tae
828 3400 970 3461 inomni
993 3400 1053 3460 hoc
1074 3398 1151 3460 artis
1171 3414 1283 3476 genere
1305 3391 1420 3454 efferis·

281 3511 368 3574 seut,
397 3520 489 3582 quam
516 3502 674 3584 quomodo
702 3503 824 3566 fabulae
847 3515 960 3564 curum
976 3501 1105 3563 tractari
1130 3497 1347 3578 et'explauari
1368 3494 1419 3556 de·

283 3604 401 3669 herent.
446 3601 549 3679 Quare
569 3605 603 3666 iu
616 3626 750 3688 summa
765 3605 919 3668 librorum
942 3605 1041 3688 copia,
1062 3613 1143 3687 quos
1159 3602 1366 3666 bibliothecae
1381 3599 1418 3658 iis

281 3706 314 3768 in
336 3706 415 3770 lucis
435 3707 606 3794 lrabcbaut,
628 3708 683 3768 uhi
703 3708 813 3769 literae
834 3708 951 3772 florere
973 3705 1156 3791 coeperant,
1177 3703 1334 3786 magistri,
1356 3721 1418 3783 quo

283 3809 404 3876 facilius
424 3809 593 3892 discipulos
605 3821 763 3870 accurata·
781 3811 969 3893 scripturum
991 3814 1125 3875 lectione
1146 3811 1323 3872 imbuerent
1343 3807 1417 3887 qaro-

280 3934 342 3995 que
364 3913 479 3979 rectius
500 3911 539 3974 ad
563 3911 727 3972 literarum
749 3913 852 3984 studia
876 3933 928 3978 eos
948 3915 1171 3991 deducerent,1
1186 3909 1275 3989 iilos,
1309 3909 1363 3990 qui
1385 3907 1415 3966 in

281 4017 367 4082 omni
390 4034 496 4078 aarum
518 4033 637 4091 genere
661 4016 1068 4100 maxiruoabxcelluissent,
1092 4015 1417 4096 delogeruut'eorum·

277 4135 342 4199 que
365 4117 495 4182 nomina.
515 4116 547 4180 in
575 4130 696 4180 certum
720 4120 862 4185 ordinem
884 4125 1083 4204 redegerunt.
1124 4115 1281 4186 Secutum·
1295 4125 1357 4188 est,
1382 4125 1416 4173 ut

278 4221 468 4284 recentiores
481 4219 674 4300 'singularem
685 4226 811 4286 'curamss
821 4227 854 4287 in
870 4227 1082 4310 explicatione
1100 4217 1208 4287 eorum
1223 4211 1415 4291 adhiberent,

279 4339 359 4404 quos
387 4324 442 4384 tali
470 4325 591 4391 honore
619 4339 746 4390 ornatus
774 4329 970 4397 inuenerant.
989 4331 997 4352 ³
1020 4334 1088 4395 Nec
1112 4327 1167 4391 alii
1191 4319 1320 4386 suerunt
1345 4319 1415 4395 lere,
1480 4301 1490 4324 ⁸

279 4441 358 4504 quos
388 4427 438 4488 uel
466 4433 657 4512 grammatici
685 4434 881 4516 praeprimis
899 4435 1084 4509 laudarunt,
1115 4431 1168 4496 *ccl
1196 4421 1415 4504 lffifffflbml‘ffis
