3086 4992
116 517 362 583 Matrimonium
381 520 477 600 igitur
498 525 618 586 melum?
637 525 786 600 liabetur,
810 527 895 600 cnjue
917 522 1077 586 centetum
1101 523 1270 587 vehemen-

117 635 169 684 ter
190 620 370 703 poeniteat,
403 623 461 684 etei
487 622 579 686 initio
601 625 642 687 eit
664 623 860 706 cupidissime
881 624 1027 705 petitum.
1077 621 1165 686 scot.
1189 628 1268 688 187:

251 720 492 810 παραπλήσιον
512 725 639 812 πρᾶγμ’
650 732 718 798 dcci
736 731 843 816 γῆρας
865 730 918 798 ecl
941 725 1062 812 γάμος·

250 838 360 914 τυχεῖν
380 821 446 911 yde
467 822 579 898 αὐτῶν
602 823 803 916 ἀμφοτέρων
823 827 1077 914 σπουδάζομεν,

250 926 335 995 ὅταν
357 926 393 996 tt
414 925 590 1020 τύχωμεν,
610 927 754 1019 ὕστερον
776 931 993 1017 lenocinata.

119 1033 170 1094 Ex
191 1031 239 1093 hie
262 1045 366 1094 antem
388 1032 474 1097 illam
497 1033 536 1098 de
558 1035 688 1099 deorum
709 1037 930 1119 imploratione
951 1035 1152 1115 sententiam,
1174 1059 1268 1121 quant

119 1130 225 1217 p'rimo
248 1138 318 1198 loco
343 1141 670 1224 commemoravimus,
703 1164 721 1203 e
742 1142 852 1223 primic
872 1163 908 1204 ac
931 1141 1147 1204 vetuetieeimie
1169 1141 1270 1202 homi-

121 1257 200 1298 num
222 1238 345 1318 placitis
366 1252 526 1306 mutuatur
548 1245 599 1306 vel
620 1245 768 1325 eoplrietie
790 1243 955 1325 oppoeoit,
984 1246 1033 1307 rel
1059 1244 1268 1324 sophistarum

123 1340 276 1402 eimilibue
298 1341 392 1419 virle,
414 1343 470 1425 qui
491 1342 566 1410 deoc
587 1359 642 1408 ant
663 1367 736 1409 eme.
750 1350 922 1426 negebent,
948 1359 1001 1410 aut
1023 1347 1117 1410 eacrie
1138 1346 1269 1422 omieeie,

120 1455 320 1532 contemnere
342 1458 519 1526 coeperant.
562 1451 635 1514 Pari
656 1449 750 1514 modo
773 1471 921 1529 ceueeam,
942 1471 1041 1534 quare
1055 1468 1189 1530 poenam
1204 1461 1268 1510 tam

119 1565 193 1608 eero
212 1545 366 1626 improbie
386 1545 432 1610 dii
453 1549 635 1631 imponant,
661 1564 771 1614 contra
796 1572 849 1615 eor
872 1553 1007 1614 'lortneee
1028 1550 1184 1629 defendit,
1213 1554 1268 1634 qui

119 1645 197 1711 dece
219 1671 287 1712 cum
309 1663 455 1714 aeternee
477 1651 665 1738 divinaeque
685 1655 822 1732 justitiae
843 1655 972 1717 notione
995 1674 1013 1714 e
1034 1653 1153 1716 mundo
1174 1653 1268 1715 eimul

119 1753 235 1816 tollere
250 1757 454 1818 conabantur.
497 1757 585 1822 Hanc
607 1779 683 1820 vero
701 1760 926 1841 quaestionem,
945 1779 1039 1840 quam
1055 1757 1267 1836 Bellerophon

120 1854 285 1936 Euripidis
304 1859 406 1920 multo
429 1871 520 1937 ente,
549 1870 584 1921 ut
604 1859 757 1937 vidimue,
778 1872 936 1936 moverat,
957 1879 1014 1920 nec
1033 1861 1142 1934 Pleto,
1164 1879 1267 1940 neque

120 1963 220 2024 ceteri
237 1962 387 2026 Socratici
408 1963 565 2043 negligere
585 1951 744 2044 poterant,
764 1985 860 2047 quum
882 1961 922 2025 de
944 1962 1105 2026 hominum
1127 1962 1267 2023 moribue

119 2065 320 2148 inquirerent
341 2066 586 2149 opinionemque
607 2067 694 2146 vulgi
715 2067 756 2130 de
773 2068 892 2146 justitia
917 2089 952 2129 ac
972 2065 1180 2148 providentie
1193 2064 1267 2127 deo·

119 2189 192 2230 rum
213 2169 345 2251 aliieque
365 2171 460 2232 rebue
482 2169 713 2248 confirmarent,
733 2191 813 2254 quae
833 2171 985 2235 advitam
1007 2173 1173 2232 humanam
1196 2189 1267 2250 pers

119 2272 233 2334 tinent.
284 2268 413 2352 Optime
442 2273 539 2354 igitur
556 2275 658 2337 ·Pleto
688 2273 921 2337 commendavit·
945 2273 1112 2352 juetitiem,
1144 2271 1266 2348 docere,

118 2387 192 2456 poet
225 2387 359 2436 mortem
392 2395 458 2438 eree
489 2395 609 2459 poenae
635 2377 807 2458 impietatie
843 2374 1077 2458 exspectandae.
1129 2376 1264 2456 Diogen.

118 2478 155 2540 L.
176 2479 226 2556 111,
247 2484 301 2542 44.
344 2476 416 2554 Quo
436 2481 543 2542 valent
563 2481 656 2543 etiam
679 2495 856 2564 praecepta.
899 2479 1120 2561 Xenophontis
1141 2476 1264 2540 Hellen.

119 2582 161 2659 V,
181 2587 214 2658 4,
235 2582 290 2660 vt,
311 2587 345 2642 4.
386 2582 470 2644 Haec
491 2595 593 2646 autem
615 2583 822 2668 undecunque
840 2598 912 2648 eunt
932 2584 1041 2662 ducta,
1063 2580 1265 2656 Theodectes,

119 2685 145 2746 ei
168 2683 297 2766 quidem
319 2705 357 2746 ee
382 2685 414 2748 in
442 2705 479 2747 re
507 2687 567 2749 tibi
598 2689 697 2752 voluit
724 2700 883 2766 constare,
915 2701 1057 2752 naturam
1087 2685 1265 2767 tragoediae

119 2799 256 2851 mutaret
277 2808 401 2850 neceeee
422 2788 493 2850 fuit.
546 2787 610 2865 Qui
637 2791 720 2852 enim
742 2793 890 2870 justitiam
914 2791 973 2854 diie
992 2792 1104 2854 tribuit
1131 2787 1265 2850 honuni·

119 2891 242 2973 bneque
264 2891 401 2957 vindicat
420 2891 616 2969 libertatem,
637 2894 665 2954 ie
686 2893 744 2954 fati
765 2895 849 2956 delet
869 2895 1045 2973 notionem
1068 2893 1187 2974 tragico
1211 2912 1265 2952 au-

116 3006 198 3073 tem,
227 2994 284 3077 qui
303 3008 395 3074 neget
416 2992 572 3056 dominari
594 2996 825 3072 neceeeitatem,
851 2999 943 3075 longe
963 2999 1033 3058 aliie
1055 2999 1176 3058 artibue
1198 3007 1266 3056 erat

117 3097 280 3174 utendum,
301 3115 395 3180 quem
417 3118 494 3181 qum
512 3099 689 3180 euperioree
711 3107 823 3180 poe'tae
841 3097 1060 3160 adhibuerant.
1103 3097 1152 3158 De
1174 3097 1264 3162 nobi·¹

116 3201 208 3262 litate
226 3221 320 3282 cupre
338 3200 531 3282 diepmetum
553 3214 618 3266 cete
652 3200 848 3284 Impudentie
864 3203 1035 3278 hominum,
1055 3199 1171 3281 deque
1187 3219 1263 3281 que·

117 3304 217 3380 titur,
251 3323 292 3365 ex
311 3304 375 3366 illie
397 3321 469 3370 nata
491 3321 537 3371 eet
559 3309 662 3388 vitiie,
693 3325 828 3390 quorum
854 3305 1044 3370 teterrimam
1066 3301 1264 3385 Thucydldee

115 3407 171 3486 111,
186 3410 228 3468 82
250 3409 405 3488 expremit
427 3411 602 3492 imaginem.
643 3412 684 3473 ·Et
703 3409 790 3494 quod
812 3429 914 3472 murce
932 3410 966 3472 in
987 3407 1054 3470 dice
1077 3406 1175 3487 magle
1196 3425 1264 3468 cor·

116 3512 346 3592 rumpebantur
367 3533 403 3574 ac
422 3513 594 3577 multitudo
613 3516 813 3576 meretricum
832 3516 1006 3592 crescebat,
1034 3509 1116 3598 q'uae
1138 3530 1262 3576 omnem

115 3616 302 3697 oppleverat
324 3614 502 3696 Graeciam,
526 3616 621 3680 modo
643 3617 789 3680 mulieres
809 3620 995 3701 opprobriie‘
1012 3619 1139 3699 agitari,
1167 3617 1263 3681 modo

115 3716 360 3796 matrimonium,
381 3721 467 3783 velut
482 3739 588 3784 center
602 3722 765 3799 talorum,
783 3722 817 3782 in
833 3721 940 3784 odium
958 3717 1065 3785 venire
1081 3731 1262 3802 coeperunt.

202 3819 281 3883 Cum
302 3805 403 3884 intem
424 3823 596 3903 Agethonie
617 3843 828 3904 exponemus,
861 3824 1041 3916 aenigmate·
1059 3823 1261 3885 multifariam

113 3921 148 3984 in
172 3923 348 4004 negoediae
368 3927 518 3990 trenelete
544 3947 611 4014 eene
639 3925 824 3992 videbimur.
876 3926 988 3992 liudem
1017 3928 1115 4005 igitur
1142 3925 1262 3985 ertibne

113 4025 327 4106 Theodectee,
347 4041 442 4109 prout
463 4029 739 4094 adinventionem
758 4039 855 4112 etque
873 4030 1130 4111 competitionem
1152 4041 1261 4088 eorum

115 4129 207 4192 valde
229 4131 410 4211 ingenioeue
432 4148 516 4208 eret,
542 4134 605 4196 lul.
626 4134 707 4195 Poll.
727 4136 782 4212 Vl,
804 4137 855 4197 1-9.
876 4136 991 4199 Athen.
1013 4135 1053 4193 X.
1077 4152 1108 4211 p·
1130 4131 1192 4190 451
1214 4127 1261 4202 Ee

114 4234 285 4297 oblectavit
307 4236 427 4296 animoe
447 4235 654 4316 spectantium
676 4236 770 4319 idque
792 4249 876 4299 tante
898 4235 1084 4316 cupiditete,
1110 4244 1145 4292 ut
1167 4233 1260 4294 talem

112 4337 216 4400 laeum
239 4337 480 4400 reconciliaret
503 4335 630 4419 quidem
654 4359 722 4401 cum
745 4340 851 4402 indole
873 4337 1048 4413 henricum,
1072 4354 1150 4418 quot
1172 4348 1261 4398 nten-

112 4452 158 4503 tce
180 4441 220 4503 ile
242 4440 415 4504 induceret.
470 4438 590 4517 Quodei
618 4443 700 4502 eninr
731 4442 955 4522 deecriptione,
989 4459 1069 4522 quee
1096 4437 1261 4520 aenigmati
