3086 4992
686 323 734 390 53

128 519 232 584 quare
263 496 437 562 Philoclem
461 521 525 564 non
554 503 672 583 tragico
702 506 823 585 potius,
856 527 950 589 quam
984 508 1102 573 comico
1134 509 1282 576 adscribis

129 602 254 680 ordini,
275 602 333 684 qui
354 602 493 666 medium
516 618 602 668 tenet
623 607 708 669 inter
728 616 836 690 poetas
869 607 985 672 diversi
1014 612 1136 690 generis
1157 613 1284 678 locum?

129 707 205 770 Non
229 704 447 770 dubitavimus
471 711 547 772 haee
571 712 716 792 plurimis
738 713 910 794 explicare,
932 715 1079 795 quoniam
1102 717 1283 780 Walclse-

132 831 202 872 rus
233 809 267 872 in
290 811 384 890 Trag.
409 810 464 874 Gr.
487 815 522 876 P.
537 815 586 876 111.
608 837 679 896 pag.
692 819 767 879 969.
797 814 836 879 ad
867 817 1052 878 sententiam
1079 818 1283 883 tttsinekii

130 933 238 993 nuper
258 913 399 974 accessit.
443 912 504 976 Sed
527 917 586 978 hoc
600 916 736 1000 denique
759 915 883 994 definio,
906 916 1054 998 quoniam
1072 921 1168 982 verba
1184 921 1283 984 Athe-

131 1016 206 1076 naei
238 1033 302 1076 non
325 1016 522 1098 corrigenda,
556 1041 658 1103 neque
681 1023 725 1084 sic
750 1019 947 1102 explananda
969 1032 1058 1097 sunt,
1093 1033 1129 1082 ut
1150 1022 1188 1084 de
1209 1026 1282 1088 Phi·

130 1119 215 1180 locle
236 1126 332 1199 poete
354 1121 488 1200 cogitare
511 1143 674 1203 rogamur,
696 1147 753 1188 nec
776 1123 838 1190 duo
856 1125 1010 1188 Philocles
1032 1125 1127 1188 luisse
1150 1127 1283 1206 tragicos

136 1219 308 1306 poenal),
335 1243 439 1306 neque
458 1226 591 1290 alterum
610 1229 782 1307 comicum,
812 1250 915 1312 neque
944 1227 1118 1292 comoedias
1146 1252 1283 1314 unquam

133 1343 153 1382 a
176 1325 294 1403 tragico
317 1324 458 1406 scriptas.

222 1426 402 1490 Secundum
423 1431 596 1512 Agathonis
615 1433 801 1496 sententiam
825 1432 948 1496 indoles
977 1455 1019 1498 ex
1040 1434 1149 1496 habitu
1170 1443 1282 1514 po'e'tae

134 1533 281 1608 cognosci
303 1545 420 1614 potest.
463 1532 555 1610 Quod
587 1555 650 1618 quo
672 1536 850 1614 confirmet,
878 1537 1091 1602 Mnesilochus
1112 1536 1282 1601 deformem

135 1636 280 1714 corporis
299 1635 432 1718 figuram
452 1639 586 1702 Philocli
607 1640 719 1702 tribuit
744 1641 776 1702 in
797 1643 926 1704 'Thesm
951 1643 1031 1702 168:
1069 1685 1074 1690 -

265 1733 368 1830 ’ταῦτ’Ι
383 1735 433 1825 ἄρ’
457 1737 474 1808 ὁ
500 1744 682 1827 Φιλοκλέης
703 1737 837 1832 αἰσχρὸς
858 1737 904 1810 ὧν
927 1743 1069 1828 αἰσχροῖς
1089 1754 1191 1808 ποιοῖ.

141 1835 232 1913 Quae
250 1840 416 1906 Delrius
444 1845 560 1927 ineptes
575 1843 615 1907 ad
636 1846 734 1906 elium
757 1845 927 1907 Philoclem
949 1843 1057 1918 relert‚
1079 1854 1227 1923 tanquam
1243 1841 1282 1904 de

136 1939 206 2003 mio
225 1945 413 2027 Philopithis
441 1948 577 2028 intelligi
596 1960 764 2031 nequeant.
815 1949 992 2028 Prolegom.
1013 1943 1047 2004 in
1068 1943 1176 2008 Senes.
1203 1966 1229 2008 c.
1250 1949 1282 2008 9.

105 2042 236 2108 ‚Addit
261 2048 437 2113 Burdinus:
472 2043 517 2132 ἦν
547 2041 575 2119 δ’
603 2039 706 2126 οὗτος
739 2048 758 2118 ό
792 2047 958 2132 Φιλοκλῆς
988 2044 1282 2134 αἰοχροπρόοωποε

138 2148 192 2214 aul
216 2151 446 2234 speciosior,
467 2147 509 2228 cir
530 2161 634 2233 ἔποψ,
654 2149 904 2276 d-dlous'pulor,
920 2149 1062 2234 repetitis
1075 2149 1190 2214 Suidae
1208 2171 1233 2212 s·
1251 2171 1282 2212 1.

140 2253 261 2314 verbis:
287 2255 453 2342 Φιλοκλῆς
481 2256 653 2344 κωμῳδίας
675 2251 820 2341 ποιητής
836 2250 1146 2343 αἶοχροπρόοωπος.
1177 2243 1282 2335 ἧνὲ
1248 2249 1282 2316 δὲ

141 2353 407 2442 upors'pclor,‘
382 2377 426 2456 ur
446 2365 549 2442 ἔποψ,
571 2355 678 2444 ἤγουν
701 2354 912 2480 ὁξυκέφαλος
955 2351 1281 2422 Similitchcholiast

138 2456 177 2519 sd
200 2460 262 2520 As.
274 2463 350 2522 281:
373 2462 477 2530 codro
499 2461 534 2526 δέ
556 2465 705 2544 equetus
690 2462 796 2528 l‘ud
781 2457 893 2543 ἕτερός
915 2481 966 2533 atr
985 2458 1078 2542 dorse
1094 2449 1283 2538 &vapores-

138 2584 195 2627 ται
217 2552 363 2646 ldqous
361 2571 450 2652 yur,
478 2559 529 2638 οἷς
541 2557 677 2646 &Estote
699 2561 875 2649 διαβάλλει
903 2562 939 2629 dl
961 2555 1021 2630 erist
1047 2549 1264 2637 Φιλοκλεο,ι
1240 2580 1283 2631 ut·

139 2655 357 2748 όξυκὲφαλοο.
386 2668 463 2727 Item
484 2665 655 2727 Scholiasta
667 2666 830 2728 fflscnnas
851 2664 1121 2728 sdThesm.168=
1149 2653 1283 2746 αἰσχρὸς

139 2759 585 2852 ²5⁹¹95⁰w⁷l⁰vwl⁰tstdc
613 2764 812 2854 11111111ρὸ1
839 2763 879 2837 cd
908 2771 1015 2852 σῶμα.
1066 2767 1150 2828 Haec
1181 2774 1283 2824 sutem
1389 2811 1391 2816 ,

141 2867 324 2930 deformitas
331 2913 341 2948 ,
361 2871 394 2931 in
417 2891 481 2951 qua
503 2871 612 2931 comici
635 2873 837 2948 cavillantur,
859 2889 1038 2954 quanquam
1061 2869 1093 2930 in
1116 2864 1284 2928 dubitatio·

144 2990 212 3032 nem
232 2969 360 3032 omnino
382 2971 491 3033 eadere
513 2971 640 3054 nequit,
672 2985 773 3034 cetera
795 2985 898 3035 tamen
920 2972 953 3036 in
985 2969 1167 3033 commentis
1186 2971 1284 3030 inter·

140 3086 263 3154 pretum
286 3073 432 3154 ponenda
451 3087 542 3153 sunt,
563 3095 644 3157 quae
661 3074 700 3136 de
723 3074 860 3136 mirabili
880 3073 989 3152 capitis
1014 3075 1113 3134 forma
1134 3072 1283 3133 scribunt.

139 3177 222 3238 Nam
235 3177 391 3238 Philocles
413 3189 444 3240 et
465 3196 601 3259 upupam
622 3177 781 3258 genuisse,
802 3187 834 3237 et
852 3187 995 3237 naturam
1009 3177 1075 3250 ejus
1087 3172 1155 3234 avis
1170 3172 1284 3231 habore

139 3279 267 3342 dicitur.
310 3281 370 3342 Au.
385 3284 460 3342 ast.
503 3281 598 3358 Quod·
623 3281 750 3365 quidem
773 3278 889 3342 vetusti
911 3276 1100 3358 interpretes
1130 3271 1169 3334 de
1190 3271 1284 3334 mira-

141 3383 198 3445 bili
226 3383 321 3444 Terei
358 3386 614 3463 commutatione,
649 3387 775 3468 qualem
806 3384 838 3445 in
869 3379 1063 3444 Pandionide
1096 3377 1284 3454 instituerat,

352 3548 426 3555 —q

215 3635 435 3709 1)N0ssupra,
455 3657 524 3710 quac
543 3635 692 3692 Scholiasta
711 3633 807 3688 Avium
827 3631 937 3698 habeat,
957 3651 1146 3704 aequemus,
1174 3630 1284 3684 necin-

145 3735 232 3796 tegra,
249 3745 311 3780 eum
332 3726 428 3798 partim
454 3745 484 3778 sx
502 3723 600 3791 Suida,
624 3723 722 3797 partim
740 3742 769 3776 cx
794 3719 851 3774 aliis
876 3721 973 3776 comici
998 3719 1103 3774 scholiis
1128 3709 1284 3790 compilasse

145 3815 300 3882 statuimus,
318 3833 369 3868 nec
386 3814 518 3868 audienda
538 3831 609 3879 esse,
629 3831 698 3883 quas
717 3810 750 3864 de
768 3809 874 3862 duobus
891 3808 1054 3864 Philoclibus
1072 3805 1185 3869 scribat,
1215 3821 1285 3874 quo-

144 3919 205 3955 rum
225 3901 294 3958 alter
314 3901 485 3976 Philopithis,
502 3903 569 3957 alter
583 3900 705 3956 Morsimi
722 3898 793 3952 filius
811 3897 899 3953 luerit.
934 3896 1068 3952 Nimirum
1087 3911 1186 3966 pueros
1202 3889 1284 3944 Athe-

143 3990 280 4044 niensium
298 3993 381 4046 abs
351 4012 381 4046 av
383 3991 404 4046 is
422 3993 478 4046 sere
496 3990 606 4046 nomina
624 3987 746 4042 habuisse
762 3985 868 4040 sciebat
904 3987 1010 4057 ltaque,
1040 4003 1103 4040 cum
1121 3983 1176 4034 duo
1193 3979 1285 4030 Philo-

144 4079 198 4133 cles
216 4081 415 4151 tragoediarum
436 4081 580 4152 scriptores
597 4079 646 4133 sibi
666 4097 696 4131 ea
714 4075 748 4127 de
766 4093 855 4130 caussa
874 4071 1003 4140 finxisset,
1022 4088 1103 4142 quarn
1121 4083 1201 4136 supra
1219 4063 1285 4116 dixi-

145 4187 220 4233 mus,
241 4187 292 4222 nec
311 4168 423 4223 relatum
443 4167 590 4239 quidquam
617 4166 651 4220 dc
674 4184 772 4236 genere
791 4164 900 4219 alterius
923 4163 1024 4232 legeret
1041 4157 1122 4227 idque
1139 4151 1214 4206 vellet
1234 4171 1286 4204 no·

145 4255 262 4323 minare,
296 4275 360 4309 cum
389 4257 466 4328 origo
494 4253 609 4308 aliorum
637 4254 816 4319 indicaretur,
856 4270 910 4304 nou
943 4243 1184 4307 dubitaturum
1215 4239 1286 4293 inter

146 4343 271 4416 Aeschyli
292 4355 412 4416 posteros
438 4343 554 4407 referre,
584 4351 628 4394 aut
652 4339 738 4396 filium
760 4336 885 4393 Morsiml
909 4335 1073 4400 fratremque
1092 4325 1287 4400 Astydamantis

148 4431 245 4486 lacere.
