3076 4998
806 362 882 436 226

277 557 392 620 Athen.
413 553 489 616 XV.
510 572 543 633 p.
564 552 648 614 oto:

404 651 593 738 στεφάνους
613 647 794 736 τεμόντες,
815 642 979 734 ἀγγέλους
999 645 1184 734 ειίφημίας.

276 761 514 844 lotapatae

405 857 594 950 saeptiones
613 853 870 945 ἑτοιμάζουσιν,
890 853 953 932 οὓς
974 852 1157 943 εὐφημίας.

278 970 366 1034 Stob.
388 967 489 1032 Serm.
509 969 593 1028 2682

405 1063 518 1145 eddela
537 1065 580 1136 ad
604 1061 744 1150 nnappini
767 1089 820 1130 ιιεε
840 1063 945 1150 φέρον
968 1058 1166 1146 κατεδήδοκε
1182 1061 1222 1146 1).

278 1175 341 1240 Sed
362 1175 414 1237 hic
437 1195 549 1239 tersus
570 1171 649 1234 duos
671 1182 855 1250 anapaestos
878 1169 989 1246 habet3
1020 1187 1118 1228 unum
1138 1165 1171 1228 in
1192 1165 1322 1248 quinto,
1346 1166 1426 1226 alte·

277 1301 351 1344 rum
373 1279 406 1340 in
428 1275 566 1340 secundo
586 1286 689 1337 metro
711 1275 906 1336 collocatum.
950 1266 1044 1346 Quod
1068 1268 1128 1332 etsi
1150 1281 1260 1332 eontra
1281 1269 1425 1348 vulgares

278 1385 401 1464 regulas
419 1394 481 1460 eat,
504 1402 585 1463 quae
605 1381 665 1441 hoc
687 1389 824 1440 metrum
844 1396 907 1438 non
930 1371 1111 1450 admittunt,
1132 1371 1195 1436 nisi
1215 1372 1249 1434 in
1268 1372 1346 1437 loeis
1361 1373 1425 1434 'im-

278 1487 425 1567 paribus,
453 1505 473 1545 a
497 1483 709 1546 Chaeremone
732 1492 836 1542 tamen
859 1498 952 1558 saepe
977 1487 1139 1558 peecatum
1162 1473 1299 1540 videtur.
1323 1475 1425 1556 ,Nam

279 1589 411 1669 legimus
432 1607 484 1668 ap.
505 1586 622 1647 Athen.
644 1584 728 1646 Xlll.
749 1605 781 1664 p.
801 1585 882 1646 608:

406 1691 514 1755 ε”ειειοο
532 1679 597 1772 νοίρ
618 1678 640 1770 η’
662 1687 729 1769 μίν
753 1679 872 1750 lavatio
894 1685 943 1756 εἰς
962 1676 1164 1766 σεληνόφως.
1281 1737 1284 1744 .

406 1781 480 1879 ῥόδ’
492 1783 659 1874 ὀξυφεγγῆ
681 1785 832 1873 ιιρίνεσιν
853 1780 1025 1872 οἷρηεννοίς
1045 1780 1149 1868 siponi.
1260 1809 1264 1815 ·

279 1895 429 1980 Dactylos
451 1891 544 1956 habet
567 1913 619 1974 ap.
639 1892 754 1954 Athen.
774 1891 798 1954 1.
816 1892 855 1951 l.:

408 2004 584 2075 ξουθοῖσιν
609 1989 745 2080 despota
767 1985 957 2077 ἐνετρύφων
978 1988 1215 2076 φορονμίνοις.
1248 2041 1256 2064 ,

279 2112 310 2164 et
331 2097 420 2162 stab.
441 2101 522 2160 198:

405 2196 539 2286 γίνοιοό
561 2222 622 2283 μοι
644 2193 706 2270 ade
727 2191 868 2283 χιίρισσς
889 2188 1084 2264 ἀποδοῦναι
1110 2194 1225 2278 πατρί.

280 2302 366 2382 Quid
386 2316 491 2365 autem
513 2301 553 2364 de
575 2299 798 2363 Chaeremonia
820 2312 921 2362 metro
942 2297 1142 2377 judicandum
1166 2311 1230 2377 est,
1256 2298 1283 2361 ai
1305 2298 1334 2360 ei
1357 2319 1424 2362 ter·

280 2427 349 2468 eum
370 2429 422 2488 ap.
443 2407 533 2470 Stob.
557 2409 638 2468 1982

409 2510 636 2595 βεβαιοτέραν
653 2500 725 2588 etio
748 2505 866 2590 φιλίαν
888 2509 940 2592 ἔχε
961 2496 1046 2589 νιρός
1067 2500 1150 2582 τούς
1169 2519 1278 2590 γονεῖς

281 2608 505 2692 adscribimus,
535 2632 629 2696 quem
658 2631 715 2672 nec
744 2609 895 2688 tragicum
923 2608 1134 2690 Gruppiua
1156 2607 1283 2673 Ariadna.
1307 2630 1339 2687 p.
1361 2606 1423 2666 565
1527 2685 1528 2698 φ

281 2715 406 2794 habuit,
439 2731 470 2781 at
499 2715 735 2780 Meinekins
763 2715 848 2775 Hiat.¹
868 2713 948 2776 Crit.
970 2721 1001 2795 p'.
1020 2716 1083 2776 519
1093 2757 1102 2791 ,
1133 2734 1198 2776 non
1225 2711 1424 2792 improbante

281 2821 502 2882 Welckero
523 2820 578 2882 Tr.
596 2818 653 2880 Gr.
674 2840 708 2899 p.
725 2819 820 2880 1094.
832 2817 914 2880 Not.
928 2819 981 2894 23,
1001 2818 1178 2879 Philemoni
1199 2815 1356 2880 vindicare
1374 2831 1425 2872 co-

281 2933 385 2984 natur.
436 2921 559 3002 Nempe
580 2932 791 3002 anapaestum,
812 2920 846 2980 in
866 2919 936 3001 pari
954 2918 1030 2982 aede
1053 2922 1201 3002 positum,
1225 2920 1290 2984 duo
1310 2915 1427 2998 dactyli

281 3025 499 3108 insequuntur,
521 3037 557 3087 ut
578 3026 679 3087 omnis
701 3025 769 3087 lere
790 3025 871 3088 ratio
889 3029 1090 3088 numerorum
1109 3045 1258 3108 perversa
1275 3026 1315 3088 ait
1330 3033 1425 3104 atque

281 3129 413 3192 sublata.

368 3331 592 3411 cleophon.
637 3330 819 3414 Cleophon,
838 3343 941 3415 potita
960 3331 1111 3412 tragicus,
1133 3329 1332 3396 Atheniensis
1355 3327 1424 3388 luit.

281 3435 368 3500 Suid.
391 3455 415 3496 a·
437 3457 468 3499 v·
492 3435 679 3518 Κλεοφῶν,
711 3430 902 3523 Ἀθηναῖος
931 3428 1099 3521 ιραγειιός.
1149 3435 1266 3498 Eudoc.
1295 3454 1326 3513 p.
1349 3432 1425 3492 270.
1527 3427 1528 3482 ἒ

281 3537 383 3615 Quem
405 3557 473 3598 cum
496 3526 664 3600 Vossida
689 3561 721 3620 p.
741 3543 783 3602 88
807 3540 908 3621 poa‘tis
929 3539 1159 3620 adscripaiaaet,
1184 3558 1317 3622 quorum
1340 3546 1427 3594 aetas

282 3651 362 3702 esset
381 3639 508 3716 incerta,
537 3652 681 3702 accurata
702 3641 856 3724 quaedam
877 3643 1037 3723 temporis,
1060 3663 1125 3725 quo
1147 3642 1271 3717 vixerit,
1292 3639 1427 3718 vestigia

281 3741 364 3824 apud
386 3741 590 3804 Aristotelem
610 3763 678 3804 sese
699 3745 886 3811 arbitrabar.
928 3747 958 3808 Ιε
980 3745 1062 3807 enim
1091 3754 1123 3807 et
1149 3745 1337 3808 mentionem
1360 3752 1426 3802 tra-

281 3845 341 3925 gici
362 3853 490 3927 poetae,
521 3845 576 3927 qui
604 3847 805 3912 hoenomen
825 3850 952 3928 habuit,
982 3849 1106 3930 saepius
1127 3849 1249 3930 injecit3
1281 3859 1312 3910 et
1335 3843 1426 3906 Cleo·

279 3949 442 4030 phontem,
463 3946 607 4009 versibus
627 3948 754 4013 Solonis
774 3973 874 4032 nsum,
894 3953 1074 4034 superbiam
1101 3948 1339 4032 reprehendisse
1361 3957 1426 4006 tra·

280 4051 377 4127 didit,
398 4050 432 4113 in
454 4047 590 4127 Critiae,
610 4053 765 4116 notissimi
787 4057 931 4138 tyranni,
951 4057 1070 4119 familia
1090 4055 1310 4130 inveteratam,
1331 4049 1427 4122 Rhet.

279 4155 384 4232 t,15:
417 4151 472 4220 ειαί
502 4152 670 4237 Κλεοφῶν
698 4151 783 4224 troad
813 4159 957 4243 Κριτίον
988 4173 1058 4236 σοῖς
1085 4154 1241 4232 Σόλωνος
1269 4154 1427 4238 ἐλαφείοις
1520 4224 1521 4243 ¹

352 4384 383 4451 1)
399 4385 544 4442 Nonnullis
566 4388 595 4442 in
616 4388 691 4444 libris
713 4389 758 4447 hie
782 4411 870 4449 versus
894 4413 956 4450 cum
975 4394 1136 4470 Antiphania
1157 4393 1221 4449 Ιοσο
1240 4392 1424 4464 conjungitur.

282 4472 328 4544 qui
347 4471 443 4528 deinde
461 4477 591 4548 sequitur.
