3072 5012
278 321 353 397 168

276 503 525 595 Dionysumque
554 500 734 570 simultates
759 501 981 570 intercessisse
1012 521 1109 590 quam
1136 497 1306 592 plurimas,
1329 495 1419 566 labala

274 609 402 678 videtur
430 609 657 700 antiquissima.
700 605 807 697 Etyrn
830 605 926 674 ll.-v.
955 602 1133 680 maesta,-
1159 597 1421 687 aspernatrices

274 710 325 795 εἰς
350 711 505 796 ἰδιότητα
530 710 775 798 ἀναπέμπεται.
818 713 907 800 φασὶ
930 710 1000 800 ,γὰρ
1026 709 1353 784 condemnaveris
1376 710 1422 779 s'at

278 821 470 912 Τυρσηνούς
492 816 644 888 ἀπιόντα.
664 816 811 907 stupea
824 818 914 897 ,τοὺς
940 815 1162 906 γεγηρακότας
1187 820 1253 888 raia
1272 818 1423 898 Σειληνόν

275 929 359 1018 μετὰ
386 929 445 1010 τῆς
471 925 639 1015 ἀχρήστου
667 924 813 1010 ἡλικίης
828 927 865 992 ἐν
894 923 1018 1016 Ἰταλία
1052 927 1261 992 καταλιπεῖν·
1298 924 1370 1000 τοὺς
1395 922 1424 988 dl

275 1036 447 1126 τραπῆναι
475 1035 530 1104 ἐπὶ
558 1031 710 1123 ἀμαὲλον
736 1030 926 1121 λττιμιλιλαν
952 1035 1011 1100 καλ
1036 1031 1164 1103 ἕνοινον
1188 1034 1351 1120 γινέσθαι
1374 1027 1426 1109 τὴν

270 1139 437 1210 Ἰταλίαν·
479 1166 577 1236 quem
607 1143 718 1212 locum
747 1165 772 1210 a·
794 1140 947 1232 Grysario
978 1141 1075 1210 etiam
1104 1139 1150 1208 de
1175 1139 1331 1210 Comoed
1355 1137 1423 1206 Dor.

274 1274 306 1343 p.
328 1251 370 1317 37
399 1250 575 1319 adhibitum
593 1250 628 1316 in
656 1270 726 1316 rem
746 1270 840 1314 suam
861 1246 966 1314 video.
1017 1245 1196 1316 Nobiscum
1210 1257 1213 1264 “
1228 1248 1305 1316 lacit
1325 1244 1423 1312 hristi-

271 1357 329 1425 des
352 1358 445 1426 Tom.
468 1355 490 1438 l,
512 1379 544 1446 p.
567 1351 812 1422 wedunae
842 1348 965 1446 treats
981 1353 1043 1420 καλ
1069 1352 1260 1441 Τνῤῥηνούς
1286 1352 1424 1438 λέγουσιν

270 1460 316 1540 ἀς
337 1464 560 1552 διεστρῖιματο
577 1453 825 1544 αἰνιττομένους
843 1460 917 1546 ἐμοὶ
929 1460 1048 1526 doario
1070 1457 1129 1524 διὰ
1148 1463 1211 1546 pto
1225 1460 1290 1526 τῶν
1308 1460 1423 1549 'Pappa-

272 1567 340 1635 νῶν
354 1567 410 1634 roi
439 1566 521 1657 πρὸς
548 1564 699 1656 ἑσπέραν.
744 1567 809 1634 Otr.
832 1566 932 1634 Henr.
954 1564 1064 1636 Voles.
1085 1565 1342 1658 Emendd.'pag.
1363 1563 1423 1632 113.

273 1677 418 1745 Pertinet
453 1675 518 1745 huo
555 1676 652 1743 etiam
689 1673 795 1742 Servii
832 1671 924 1742 locus
968 1673 1010 1742 ad
1041 1673 1131 1764 Virg.
1153 1675 1239 1745 nen
1269 1673 1319 1756 lll,
1354 1670 1423 1738 aro:

273 1781 453 1866 „Nonnulli
478 1781 590 1848 dicunt
619 1772 789 1869 ahldrsya
814 1802 892 1872 rege
924 1781 1039 1848 missos
1067 1803 1086 1848 e
1113 1779 1255 1871 Phrygia
1282 1787 1423 1870 regnante

273 1888 401 1971 Fauno,
429 1889 485 1981 qui
512 1887 712 1979 disciplinam
739 1888 948 1978 auguriorum
972 1883 1057 1954 ltalis
1085 1887 1324 1956 ostenderent.”
1363 1885 1423 1954 Nea

273 2015 340 2062 non
382 1996 466 2062 inter
508 2017 545 2060 se
591 1995 831 2081 comparavisse
851 1991 1000 2086 ,juvabit
1030 1991 1169 2061 Varron.
1206 2017 1258 2084 ep.
1297 1991 1423 2064 Macrab.

275 2100 403 2168 Saturn.
425 2099 474 2184 111,
494 2101 517 2166 4
539 2109 576 2168 et
591 2099 681 2189 Virg.
704 2097 784 2166 Aen.
805 2099 827 2182 1,
843 2101 914 2168 738.
969 2099 1034 2168 Clr.
1058 2098 1132 2167 Gail
1153 2098 1359 2170 Reeherches
1378 2118 1423 2166 sur

275 2204 307 2276 la
327 2216 442 2275 natare
465 2206 509 2274 du
531 2205 617 2276 culte
639 2205 679 2272 de
701 2204 846 2274 Bacchus
875 2228 916 2274 en
939 2204 1044 2274 Grece
1067 2229 1098 2296 p.
1120 2207 1194 2288 250,
1216 2208 1292 2275 290.
1335 2207 1423 2274 Orin-

275 2335 331 2380 aer
351 2311 487 2404 Dionys.
510 2336 541 2405 p.
568 2313 630 2387 150
650 2334 708 2401 sqs
742 2311 859 2403 Neque
885 2311 1071 2380 Alexander
1092 2313 1226 2382 Aetohu
1255 2337 1308 2404 ap.
1329 2308 1422 2382 Schol

276 2417 414 2486 Theoor.
436 2416 568 2510 hypoth.
591 2439 688 2484 earm.
704 2416 784 2486 V111.
802 2421 903 2486 omitti
916 2419 1026 2485 dehet:
1047 2415 1106 2485 Ἀλ.
1130 2419 1167 2484 δι’
1189 2443 1298 2504 φησιν
1315 2417 1423 2487 'Arro-

276 2521 333 2600 λὸς
353 2521 420 2589 ὑπὸ
434 2520 604 2608 Δαφνίδος
617 2523 748 2607 μαθεῖν
765 2521 936 2610 Μαρσύαν
957 2521 1019 2604 τὴν
1039 2523 1231 2606 αὐλητικὴν.
1276 2527 1332 2596 Sic
1353 2526 1423 2594 enin
1489 2507 1490 2514 ἀ

277 2631 416 2721 conjecit
436 2627 572 2697 Msinek.
595 2627 687 2696 hnal.
709 2627 802 2698 Alex.
824 2654 855 2721 p.
878 2631 950 2698 250.
994 2630 1104 2723 Vulgo
1126 2628 1302 2718 μαντικήν.
1381 2629 1424 2698 Ex

276 2734 452 2825 Tyrrhenis
472 2737 570 2828 ig'itur
590 2737 771 2830 praedones
789 2737 936 2804 nonnulli
954 2736 1121 2806 Bacchum
1141 2739 1296 2809 infestare
1322 2735 1423 2815 conati
1489 2825 1490 2832 ἵ

276 2863 356 2908 mox
375 2841 546 2933 impietatis
568 2866 709 2936 poenam
730 2843 896 2914 dederunt.
938 2844 1090 2936 Namque
1118 2855 1155 2914 ut
1175 2857 1285 2916 narrat
1304 2841 1423 2937 Apollo·

277 2947 375 3015 dorus
395 2947 444 3032 Ill,
465 2951 497 3018 5.
521 2950 552 3029 3.
584 2949 624 3017 τὸ
645 2945 774 3038 σκάφος
795 2948 916 3030 intans
935 2950 1055 3018 moeni
1072 2954 1132 3020 καὶ
1153 2952 1236 3036 βοῆς
1256 2945 1424 3029 adtrimol
1489 2969 1490 2976 ¹

277 3054 313 3118 δὲ
334 3053 492 3140 ἐμμανεῖς
512 3053 683 3147 γινόμενοι
702 3055 789 3122 κατὰ
803 3057 861 3138 τῆς
875 3055 1052 3136 θαλάττης
1066 3055 1189 3147 ἔφυγον
1209 3061 1267 3125 καὶ
1289 3060 1423 3150 ἐγένοντο

277 3157 441 3249 δελφῖνες·
464 3163 551 3234 unde
574 3173 708 3256 apparet
727 3162 822 3232 simul
844 3162 920 3256 quid
940 3163 999 3234 sibi
1020 3165 1081 3249 ista
1103 3167 1136 3238 in
1152 3164 1332 3258 Delphines
1347 3183 1423 3232 com·

276 3269 410 3338 mutatio
432 3267 518 3338 velit.
561 3268 706 3340 lnrruitur
725 3269 850 3352 eadem,
870 3268 995 3350 Bacchi
1008 3269 1157 3342 divinitus
1172 3272 1316 3341 immisso
1330 3271 1423 3340 lurore

277 3384 375 3466 atque
400 3377 525 3444 musica
551 3377 672 3444 iactum
704 3398 791 3457 esse,
821 3386 857 3443 ut
879 3376 1038 3467 Tyrrheni
1057 3378 1255 3446 deracissimi
1281 3379 1367 3446 mua
1392 3391 1423 3437 ον

276 3479 398 3548 Bacchi
418 3483 540 3577 aitiori
556 3482 679 3550 numini
691 3482 887 3550 infestissimi
900 3483 1047 3550 homines
1062 3483 1312 3552 mansuefierent
1324 3488 1423 3574 postea
1489 3481 1490 3492 *

276 3585 374 3678 inque
400 3583 558 3654 honorem
584 3589 684 3680 spreti
715 3597 748 3656 et
773 3584 913 3682 neglecti
940 3589 992 3656 dei
1011 3589 1208 3680 saltationes
1242 3600 1275 3657 et
1303 3587 1422 3658 choreas

278 3691 465 3775 edisserens.
508 3691 584 3782 Egit
606 3693 646 3763 de
672 3683 801 3784 fabulae
827 3693 963 3787 hujusce
991 3693 1206 3786 explicatione
1228 3693 1312 3764 Guil.
1331 3684 1423 3779 angel

278 3799 410 3884 Quaest.
433 3799 546 3868 Naeuiis
568 3822 599 3891 p.
612 3800 654 3866 37
678 3801 707 3889 §.
732 3803 774 3867 10
792 3823 942 3893 eamque,
964 3802 1112 3872 llluellen'
1130 3801 1258 3872 Etrusc.
1279 3791 1421 3891 1,P·28⁶

226 3957 230 3966 ,
277 3906 469 3972 sententiam
483 3914 625 3990 secutus,
648 3905 874 3999 epmrerhiali
890 3907 1044 4000 loquendi
1064 3931 1186 4000 genere
1204 3918 1315 3976 natam
1334 3906 1421 3996 putat

275 4009 477 4110 trt'Neptuni
495 4009 664 4105 delphinus
686 4013 850 4088 sit'dictirs
873 4015 1103 4083 audacissimus
1128 4003 1421 4108 quisque'et'intre·
1489 4065 1490 4136 p

249 4181 250 4192 ,
275 4107 505 4208 pidus'navita.
527 4186 529 4194 ,
550 4116 617 4188 Sed
639 4105 713 4195 huid
736 4121 833 4188 etiarn
854 4122 983 4202 rationi,
1008 4119 1088 4190 illud
1109 4120 1235 4206 obstat,'
1256 4109 1340 4214 qaod
1355 4136 1420 4212 ¹sae·

274 4223 489 4313 PiU⁸³¹¹1⁰1¹t¹is
509 4248 576 4294 nou
599 4225 639 4296 de
661 4226 983 4318 Neptuahdelphinis
998 4227 1065 4298 ‚sed
1087 4229 1129 4296 de
1142 4227 1309 4297 Bacchicis
1329 4223 1375 4294 his
1393 4219 1420 4284 in

274 4328 519 4398 narratiunculis
539 4353 723 4404 sermonem
746 4357 826 4402 esse.
871 4334 964 4420 Quae
985 4337 1082 4426 igitur
1108 4337 1135 4402 si
1160 4343 1252 4416 recte
1278 4334 1418 4419 harpre-
