3044 4982
815 277 866 352 ts

268 472 387 545 κλέους
409 469 551 552 scripsit,
583 485 696 528 nomen
720 461 830 550 Ἀρης
857 463 890 524 in
912 462 1080 546 particulos
1104 453 1171 545 ytip
1196 451 1240 545 ἦν
1262 459 1419 540 dissolvit,

270 575 389 658 quique
421 562 639 654 Ἀστυδάμας
667 577 740 651 post
774 575 884 648 ἕτερος
915 565 1115 630 inserendum
1147 584 1213 628 esse
1246 563 1421 630 intellexit.

269 679 351 741 Nam
375 677 432 739 tali
452 673 547 738 modo
569 693 638 735 cunr
658 672 813 734 sententia
833 670 978 732 facillime
1000 667 1186 750 expediatur
1201 688 1237 731 ac
1251 671 1420 751 perspicua

268 781 341 859 fiat,
374 792 443 842 tum
469 777 576 842 eadem
599 774 684 857 apud
706 773 910 838 Scholiastam
934 773 1162 850 restituuntur,
1192 791 1272 854 quae
1293 773 1420 852 suidas,

271 885 487 961 scholiastam,
508 883 560 944 vel
583 880 838 960 lexicographum
858 877 921 941 fide
942 877 1118 972 digniorem
1138 887 1278 955 secuttts,
1298 897 1421 938 tuemo·

271 987 338 1050 riae
360 985 479 1070 prodit.
531 981 594 1060 Qui
614 1005 638 1046 s.
658 1005 692 1047 v.
715 983 892 1066 Φιλοκλῆς,
911 982 1025 1066 iuquit,
1046 981 1287 1053 Πολυπείθους
1304 973 1419 1065 Ἀθη·

270 1104 367 1166 υυῑος
392 1083 549 1174 τραγικὸς
571 1101 639 1162 sole
658 1078 794 1175 χρόυοιι
814 1082 901 1168 μετά
923 1079 1132 1170 Εὐριπίδην.
1162 1083 1358 1150 ἐπεκαλεῖτο
1382 1083 1420 1150 δὲ

270 1188 352 1281 χολὴ
373 1188 428 1260 snt
450 1192 489 1258 εό
513 1185 645 1275 πικρόν.
669 1196 797 1274 ἔγραψε
819 1187 855 1255 dl
878 1235 888 1255 .
913 1235 923 1254 .
944 1235 953 1255 .
976 1183 1177 1275 ,Αἰσχύλου
1198 1181 1234 1251 tt
1255 1187 1421 1270 sparsisti

272 1292 317 1379 ἦν
339 1277 537 1380 suessionis
559 1295 616 1361 sul
641 1297 737 1381 λοχευ
758 1288 835 1359 υἱὸν
857 1285 1042 1376 Μόροιμευ
1061 1281 1124 1357 tis
1144 1281 1324 1372 εραγιιιόυ,
1353 1275 1419 1356 οὗ·

274 1425 370 1473 τινος
391 1399 522 1485 γίνεται
544 1389 777 1480 Ἀστυδάμας,
798 1387 816 1462 ὅ
838 1391 1007 1480 τραγικός.
1026 1385 1153 1460 τούτου
1174 1383 1206 1456 δ’
1221 1396 1332 1474 ἕτεροι
1356 1388 1420 1455 Φι-

272 1503 393 1585 λοκλῆς
415 1498 611 1586 στρατηγός·
651 1501 715 1561 Pru
736 1497 978 1570 Πολυπείθους
995 1493 1159 1558 teribimut
1177 1491 1412 1564 Φιλοπείθους·

274 1601 335 1666 Sed
358 1615 461 1664 cetera
482 1602 690 1684 undecunque
710 1599 882 1682 descripta,
907 1599 959 1662 vel
981 1608 1126 1677 congesta
1148 1594 1419 1676 videntumquo·

272 1706 356 1768 niem
380 1706 508 1767 omnino
529 1717 602 1766 sunt
622 1706 733 1785 plana,
760 1724 863 1786 neque
883 1702 968 1764 inter
988 1723 1038 1778 se,
1059 1720 1163 1783 neque
1184 1719 1252 1760 cum
1272 1696 1340 1758 aliis
1362 1717 1419 1760 ve·

273 1820 376 1870 terum
405 1808 591 1870 testimoniis
619 1819 776 1888 pugnant,
805 1826 870 1869 non
898 1807 1058 1885 vulgarem
1083 1802 1220 1866 auctoris
1244 1800 1419 1863 doctrinam

274 1909 459 1988 ostendunt,
491 1930 570 1991 quae
592 1911 699 1970 lumen
726 1931 761 1970 ac
787 1908 972 1973 medicinam
998 1906 1084 1969 viliis
1105 1903 1296 1968 scholiastae
1319 1900 1419 1982 possit

274 2013 398 2076 afferre.
440 2015 548 2093 ltuque
568 2013 724 2090 juniorem
745 2013 927 2090 Philoclem3
945 2009 1167 2094 Astydamante
1186 2020 1305 2084 natum,
1325 2023 1420 2087 quem

273 2114 447 2176 Scholiasta
473 2114 620 2194 perhibet
648 2113 816 2193 tragicum,
849 2114 959 2177 ducem
988 2115 1083 2176 fuisse
1109 2111 1226 2176 Suidae
1255 2108 1419 2172 credimus.

273 2219 314 2282 Et
342 2218 370 2282 is
397 2218 452 2280 ille
480 2218 611 2280 fortasse
640 2218 717 2296 luit,
748 2220 803 2300 qui
827 2218 980 2280 exercitui
1002 2217 1194 2280 Graecorum
1220 2213 1260 2278 ad
1282 2211 1420 2275 Chaero-

275 2343 366 2386 ueam
393 2343 455 2384 une
484 2342 554 2384 cum
576 2321 710 2384 Charete
731 2344 768 2384 uc
788 2323 911 2405 Lysicle
933 2323 1108 2404 preelectus
1126 2333 1187 2384 est.
1236 2317 1324 2395 Quae
1349 2339 1420 2380 cum

272 2425 321 2492 ita
342 2425 416 2501 sint,
439 2445 519 2486 unus
540 2436 663 2486 tuntum
684 2427 838 2488 Philocles
859 2434 952 2508 posta
968 2427 1103 2506 tragicus
1118 2422 1320 2506 relinquitur.
1361 2421 1420 2482 Ni·

275 2527 447 2590 hilominus
469 2527 508 2588 iis
529 2525 744 2608 adversemur,
765 2530 832 2612 qui,
853 2552 910 2592 nec
928 2532 1040 2609 verba,
1061 2551 1119 2592 uec
1139 2547 1255 2590 naevos
1279 2525 1420 2590 Scholia·

276 2643 341 2694 stae
363 2632 534 2712 reprobare
557 2629 751 2712 dubitantes,
772 2648 945 2696 commenta
968 2633 1135 2696 temerario
1155 2629 1276 2694 homini
1295 2628 1420 2692 edente·
1520 2689 1521 2694 ,

276 2748 368 2814 runt,
390 2735 543 2816 aquibus
565 2735 591 2796 is
613 2748 695 2797 certe
718 2757 781 2798 non
803 2739 916 2818 procul
936 2737 1047 2799 abfuit.

364 2839 505 2901 Fuerunt
525 2849 638 2914 autem,
662 2839 718 2920 qui
738 2840 908 2902 Philoclem
931 2841 1082 2902 haherent
1102 2839 1261 2915 comicum,
1282 2848 1316 2898 ut
1332 2837 1420 2898 Vos-

277 2941 355 3002 sius
376 2960 408 3022 p.
423 2945 474 3019 36,
497 2941 754 3020 Christianus,
775 2945 987 3006 Maursius.
1031 2940 1094 3018 Qui
1116 2959 1295 3023 quanquam
1315 2937 1419 3000 tribus

276 3056 409 3106 utuntur
422 3045 562 3122 testibus,
584 3067 719 3128 quorum
738 3047 857 3128 primus
877 3060 925 3109 est
943 3047 1000 3108 ille
1014 3046 1131 3108 Avium
1152 3044 1319 3123 interpres,
1338 3042 1419 3102 alter

276 3146 406 3225 Suidus,
426 3150 518 3210 tertia
540 3169 616 3212 vero
638 3148 776 3212 Eudocia
797 3171 829 3229 p.
842 3153 923 3227 427,
945 3150 1062 3210 cunctis
1084 3159 1187 3210 tamen
1210 3146 1258 3208 rei
1279 3165 1419 3208 momen·

275 3250 316 3311 tis
344 3253 518 3314 accuratius
546 3253 727 3332 perpensis,
759 3250 798 3312 ad
830 3252 922 3312 unius
951 3251 1168 3314 auctoritatem
1192 3270 1226 3311 se
1251 3247 1418 3310 contulisse
1520 3303 1521 3330 ἒ

275 3350 434 3412 videntur.
477 3353 559 3414 Nam
580 3353 651 3432 quis
670 3350 838 3413 Eudociam
860 3355 1048 3434 peculiarem
1066 3367 1176 3418 testem
1194 3354 1316 3431 habeut,
1337 3371 1418 3434 quae

276 3447 371 3515 verba
392 3453 524 3532 Suidae,
545 3475 639 3536 quem
660 3457 777 3538 ubique
797 3458 957 3540 sequitur,
978 3461 1128 3522 hocloco
1149 3455 1341 3520 adverbum
1364 3453 1419 3515 de·

275 3553 426 3634 scripsit?
470 3555 582 3637 Neque
604 3559 640 3636 is,
661 3560 716 3641 qui
737 3561 820 3623 Aves
842 3562 1002 3642 explicuit,
1022 3563 1119 3624 alium
1141 3561 1270 3637 iontem,
1292 3579 1328 3620 ac
1348 3558 1419 3619 Sui·
1449 3623 1454 3630 ,

276 3653 347 3734 das,
378 3656 416 3718 ad
438 3677 547 3720 manus
573 3661 699 3738 habuit,
728 3685 796 3726 cum
825 3665 1012 3727 mirabiliter
1040 3685 1110 3727 cum
1140 3685 1178 3726 eo
1203 3665 1256 3727 vel
1277 3662 1311 3723 in
1331 3661 1418 3724 vitiis

275 3761 459 3822 consentiat.
502 3761 561 3822 Cui
582 3764 844 3846 quemadmodum
861 3770 968 3848 multa,
992 3791 1072 3853 quas
1093 3770 1196 3851 primo
1213 3769 1283 3828 loco
1302 3763 1418 3846 posuit,

275 3863 404 3944 antiqua
426 3863 586 3927 doctrinae
607 3869 796 3948 specimina,
829 3882 897 3932 tum
919 3891 994 3934 vero
1017 3873 1077 3934 alia
1098 3872 1300 3947 tribuuntur,
1336 3888 1419 3950 quae

275 3985 332 4026 nec
360 3965 434 4028 satis
464 3988 533 4030 eum
562 3973 777 4053 superioribus
804 3975 990 4037 cohaereant
1016 3995 1118 4058 neque
1139 3984 1321 4056 opportuna
1345 3972 1420 4048 sint,

275 4089 345 4130 cum
367 4089 430 4132 non
451 4083 515 4136 tam
536 4094 655 4155 versus,
678 4077 791 4158 quibus
814 4079 950 4154 subjecte
970 4079 1126 4158 leguntur,
1154 4097 1250 4160 quam
1269 4077 1349 4137 alios
1371 4077 1421 4136 lo·

276 4191 327 4233 eos
349 4172 525 4254 illustrent,
548 4179 592 4240 ita
613 4183 770 4243 recentior
792 4182 1007 4261 grammaticus
1030 4203 1099 4244 eum
1121 4181 1223 4262 priori
1243 4199 1342 4261 eaque
1363 4197 1421 4241 re·

275 4277 386 4337 teriori
407 4281 517 4341 scholii
539 4295 629 4362 parte
651 4288 785 4347 alterum
808 4285 922 4348 Suidne
949 4307 974 4349 s.
999 4307 1031 4348 v.
1053 4286 1222 4366 thelesinis
1250 4283 1420 4345 articulum

276 4379 453 4458 conjunxit,
477 4381 516 4443 de
538 4403 595 4444 suo
617 4386 676 4447 hoc
696 4407 849 4467 asserens,
871 4387 934 4452 duo
954 4388 1124 4464 Philocles,
1143 4392 1253 4467 politas
1273 4384 1420 4462 tragicos,
