3048 4998
107 469 236 562 Bergk.
254 471 436 543 Commeat
458 498 489 566 p.
510 475 584 542 429.
606 509 648 525 —·
670 473 723 542 De
744 475 868 544 inscitia
891 499 973 546 voee
995 478 1131 548 canendi
1150 479 1284 550 Menan·

110 575 167 643 dri
198 599 241 645 ex
268 576 418 670 Epielero
448 579 557 650 fabula
585 589 691 650 exstat
717 581 851 672 insignis
879 581 970 651 locus
1001 608 1051 676 ap.
1079 583 1169 654 sub.
1197 581 1282 652 Flor.

109 679 241 766 CXXI,
265 685 313 752 11.

620 786 732 883 ιίίσιιιρ
754 795 821 860 τοῖν
839 794 948 884 χοροίν

311 897 349 966 ori
373 897 495 980 πάντες
517 897 639 992 ᾄδονσ’
664 897 740 970 ἀλλ’
764 897 898 990 ἄφωνοι
919 897 980 966 δύο
1002 907 1086 979 τινὲς

310 1000 333 1087 ἢ
353 1013 437 1096 τρεῖς
458 1005 688 1097 παρεστήκασι
710 1005 844 1095 πάντων
867 1007 1001 1095 ἔσχατοι
1029 1067 1032 1074 .

135 1195 155 1210 ,Ι
308 1107 355 1192 εἰς
378 1112 436 1180 τὸν
457 1111 618 1204 ἀριθμὸν.
641 1116 709 1184 κτλ.
986 1133 987 1136 ’

107 1243 214 1313 τριταία
235 1242 296 1314 ego
320 1221 361 1290 de
383 1221 493 1312 cycliis
515 1221 636 1306 choris,
666 1245 764 1316 quarn
786 1223 827 1291 de
849 1223 978 1315 tragicis
1001 1233 1056 1290 aut
1077 1225 1209 1294 comicis
1231 1227 1280 1294 in·

106 1327 270 1419 tellegere
291 1326 376 1396 malo
406 1327 596 1415 (Meinekius
617 1327 689 1398 hisi
712 1331 780 1398 cria
802 1353 833 1421 p.
857 1329 944 1416 441).

198 1430 315 1526 Neque
341 1437 375 1502 in
408 1437 573 1504 communi
604 1433 668 1504 hac
702 1437 818 1504 artium
849 1434 992 1527 periculo
1023 1437 1131 1527 poesis
1161 1437 1282 1506 intaeta

107 1543 236 1610 servari
257 1543 377 1634 potuit3
399 1543 467 1626 aed,
490 1566 587 1636 quam
608 1541 710 1610 muln
737 1545 935 1610 comicorum
963 1565 1121 1611 censurae
1151 1544 1282 1635 probari

106 1670 179 1716 non
200 1656 398 1740 possent-
419 1658 456 1716 ul
476 1648 775 1716 vehementissimos
805 1671 918 1716 eorum
945 1651 979 1716 in
1005 1650 1146 1740 tragicas
1165 1660 1279 1741 poetas

107 1756 252 1845 impetus
280 1757 420 1838 mittam,
440 1791 484 1808 --
504 1754 689 1822 testimonia
711 1763 788 1822 suni
809 1757 993 1846 frequentes
1016 1777 1129 1823 eorum
1149 1755 1190 1823 de
1208 1779 1280 1823 car·

106 1862 249 1929 minibus
271 1859 510 1950 dillryrambicis
529 1863 700 1952 numisque
722 1870 754 1928 ei
776 1859 938 1952 querellae
961 1870 994 1928 et
1011 1862 1087 1953 joci.
1129 1862 1237 1953 Atque
1259 1883 1279 1930 a

107 1967 217 2034 nemis
238 1976 275 2034 ut
302 1967 424 2050 ordiar,
456 1967 615 2036 rodebant
636 1968 752 2036 comici
778 1967 932 2059 imprimis
954 1969 1076 2058 Argum
1103 1989 1279 2058 pravorum

107 2095 284 2142 nemorum
305 2083 451 2165 poetam,
474 2097 571 2167 quem
592 2073 731 2144 Phanias
754 2073 887 2140 Eresius
908 2071 1023 2140 Athen.
1045 2071 1137 2144 XIV.
1159 2097 1191 2165 p.
1213 2073 1278 2142 638

109 2202 189 2248 eum
211 2180 365 2248 Telenieo
387 2190 419 2248 et
445 2181 516 2272 ipso
543 2190 714 2272 poetarum
741 2180 882 2271 pessimo
912 2181 1086 2272 conjungit.
1127 2178 1279 2248 Eundem

107 2286 238 2356 irrisum
258 2287 332 2379 lege
356 2289 395 2354 ab
416 2286 645 2355 Anaxandride
671 2287 704 2353 in
726 2284 874 2354 Protesil.
897 2287 933 2352 fr.
952 2284 974 2353 l.

363 2390 490 2484 Ἀργᾶν
512 2389 555 2458 δ”
573 2390 668 2482 ᾄδειν
689 2394 746 2460 καί
768 2389 956 2480 κιθαρίζειν
978 2432 1016 2444 -

112 2510 147 2568 et
167 2523 217 2593 ap.
240 2500 411 2570 Alexidem
432 2500 546 2570 Athen.
568 2499 658 2584 XIV,
680 2524 712 2591 p.
734 2501 798 2566 638
821 2500 858 2566 C.

304 2605 339 2672 τί
360 2606 442 2698 πρὸς
462 2607 523 2676 τὸν
537 2605 661 2698 Ἀργᾶν
685 2595 798 2691 οὗτοςς
826 2603 949 2694 ἡμέρας
972 2601 1085 2697 δρόμοι

305 2713 472 2804 κρείττων.

111 2823 226 2890 Sermo
248 2821 292 2889 ibi
313 2829 363 2889 est
384 2820 425 2888 ‹le
442 2819 636 2908 Choronieo,
658 2822 713 2912 qui
735 2830 768 2887 et
787 2823 859 2911 ipse
880 2841 1053 2886 nemorum
1069 2829 1167 2909 poeta
1184 2819 1276 2889 vide·

111 2936 165 2995 tur
184 2928 291 2996 fuisse.
334 2925 387 2994 Ex
408 2925 479 2994 solo
503 2927 588 2992 enim
609 2925 746 2994 Alexide
767 2925 919 2993 innotuit:

242 3027 427 3124 Χορόνικος
447 3029 624 3115 inaequale
645 3029 701 3098 ὁδί

244 3140 353 3206 Τινιῖν
373 3138 513 3220 ποιητὴς
535 3134 713 3230 ᾀσμάτανς
732 3138 775 3206 Β.
795 3137 935 3224 Σεμνῶν
956 3133 1056 3204 ιταίνν.
1078 3140 1147 3208 κτλ.

112 3250 233 3316 Horum
254 3257 424 3339 poetarum
445 3242 559 3333 νόμοι,
588 3246 628 3314 de
651 3247 765 3337 quibus
788 3243 862 3311 alibi
881 3241 959 3309 nihil
980 3244 1110 3312 omnino
1134 3245 1277 3328 traditur,

16 3391 22 3414 ι
111 3352 198 3424 haud
218 3355 286 3422 seio
309 3377 350 3422 an
372 3349 471 3441 νόμοι
490 3351 617 3420 κύκλιον
637 3353 772 3433 fuerint,
801 3351 856 3440 qui
877 3371 927 3440 ap.
949 3349 1075 3418 Polluc.
1092 3350 1276 3436 Onale,

118 3463 156 3527 10
176 3459 299 3550 Pythiis
323 3472 543 3554 opponuntur:
574 3456 612 3542 „ri
635 3459 671 3524 δὲ
692 3453 836 3523 Σακοίδα
857 3453 959 3541 νόμος
983 3453 1153 3540 Πυθικός,
1185 3457 1218 3524 σί
1239 3454 1277 3522 δὲ

115 3563 218 3634 Είίον
244 3561 380 3636 κύκλιον.
425 3566 529 3657 Cyclii
549 3591 628 3637 vero
649 3565 738 3634 nami
764 3562 875 3654 quales
897 3563 1015 3632 fuerint
1041 3565 1177 3632 sortasse
1196 3563 1276 3633 Plu·

115 3672 241 3742 tarchus
264 3673 305 3742 de
326 3671 718 3763 Mus.c.1Vexplicabit:
747 3661 802 3736 ίίιι
824 3669 859 3736 aa
881 3670 915 3735 σί
935 3669 1156 3759 κιθαρῳδικοὶ
1177 3666 1276 3757 νόμοι

115 3780 147 3848 σί
167 3775 272 3850 πάλαι
296 3779 332 3862 ἐξ
359 3777 449 3844 ἐντῶν
477 3776 674 3860 ξυνίσταντο
701 3777 872 3865 Τιμόθεος
898 3773 1053 3857 ἐδήλωσε.
1097 3773 1174 3852 τοὺς
1194 3774 1277 3860 χοῦν

116 3882 261 3972 κρίκους
292 3882 416 3973 νόμους
453 3884 490 3950 ἐν
523 3882 616 3950 ἔπεσι
653 3879 859 3977 διαμιγνύων
897 3880 1154 3970 διθυραμβικὴν
1188 3882 1276 3965 λέξιν

117 3980 202 4086 ᾖδεν,
223 3987 314 4072 ίίιιως
332 3990 379 4080 μὴ
403 3986 508 4069 εὐθὺς
527 3990 621 4082 φανῇ
647 3990 896 4088 παρανομῶν
923 3983 979 4068 είς
1001 3986 1077 4070 τὴν
1098 3982 1277 4076 ἀρχαίαν

116 4098 324 4188 μουσικὴν.
344 4138 387 4148 -
407 4098 479 4168 Nee
499 4120 565 4166 non
586 4098 823 4190 frequentatum
846 4105 879 4164 et
897 4097 1033 4164 numicis
1052 4105 1085 4165 et
1101 4093 1276 4186 dithyram-

117 4207 261 4276 rambicia
291 4207 395 4300 poetis
422 4204 591 4274 exordium
623 4198 715 4292 ἀμφί
733 4229 793 4291 μοι
821 4199 926 4270 αὐτὸν
958 4197 1089 4288 ἄναχθ’
1123 4201 1277 4294 parodiae

118 4314 187 4382 lusu
223 4313 362 4382 riserunt
398 4313 522 4382 comici.
584 4311 640 4381 Sic
654 4343 658 4348 ¹
674 4310 824 4382 Cratinus
866 4335 884 4378 a
919 4309 1021 4378 Suida
1046 4307 1069 4392 l,
1100 4331 1174 4400 pag.
1205 4308 1277 4390 144,

1034 4416 1074 4480 18

827 4657 836 4696 l
