3044 4982
669 311 711 384 ii

110 506 330 568 Hermann.
360 501 401 564 ad
427 502 557 564 Aristot.
579 503 668 565 Pne‘t.
689 507 726 583 ll,
746 508 784 582 6,
820 503 989 568 Miiiier.
1004 483 1099 569 'istm
1119 508 1181 570 Lit.
1203 511 1257 572 Gr.

111 611 147 670 T.
167 609 206 670 11.
228 629 262 688 p.
274 609 355 682 290,
389 604 690 668 Schneidewin.
715 607 838 687 Fragm.
860 609 951 670 Poe't.
970 608 1026 670 Gr.
1048 631 1067 690 e
1088 611 1162 694 Pap.
1184 613 1258 694 Rog.

113 713 192 773 Mus.
215 711 317 772 Paris.
338 731 372 790 p.
384 711 490 769 22.·-
534 708 745 787 Timotheum,
764 720 890 793 poetam
913 709 1120 795 dithyrambis
1138 728 1171 776 et
1192 737 1260 778 mn-

116 815 175 878 eim
195 827 266 878 arte
288 811 656 892 longetceleberrimum,
672 814 706 876 in
727 814 854 895 tragicis
876 815 973 877 faisse
993 815 1161 880 Grotius
1175 819 1259 898 Exn,

115 919 293 981 Vossius
315 919 422 999 pcc,
453 916 662 985 Fabricius
686 921 708 985 l.
730 921 752 980 1.
774 923 882 1000 pind
912 923 1044 984 censenti
1075 921 1136 992 att
1162 925 1261 986 mani?

114 1024 212 1087 iestcts
234 1035 281 1087 est
303 1019 445 1086 Grotii
467 1028 573 1100 error,
595 1023 668 1084 nam
689 1023 824 1101 Persae,
843 1043 923 1106 quos
945 1041 1004 1104 pro
1021 1023 1185 1104 ‘trs'gnedia
1206 1029 1260 1090 ba·

114 1129 179 1206 bet,
201 1125 356 1190 Pausania
377 1126 460 1203 Vlil,
481 1128 524 1190 60
546 1137 640 1205 teste,
657 1123 768 1210 stipor
785 1127 938 1188 fuerunt.
968 1127 1187 1192 Nihilominus
1197 1131 1259 1215 Cy·

119 1232 205 1312 cleps
234 1243 266 1296 et
287 1229 392 1294 Nioba
408 1227 615 1310 dithyrambi
644 1228 756 1307 faisse,
785 1241 840 1292 aut
867 1229 903 1290 in
930 1230 1042 1292 melico
1064 1252 1178 1311 genere
1203 1255 1261 1317 po·

116 1333 213 1396 nendi
232 1331 391 1398 ridentur.
447 1332 529 1396 Nam
557 1333 649 1395 ilium
681 1331 815 1416 qnidam.
835 1333 870 1394 in
899 1335 958 1396 hcc
974 1335 1101 1400 ¹ordino
1118 1354 1262 1403 numerat

116 1435 300 1500 Aristoteles
328 1438 418 1500 Pee't.
434 1437 483 1514 il,
504 1439 541 1498 6.·
557 1458 584 1500 α.
600 1451 671 1501 unt.
699 1438 850 1516 Herm,
882 1437 1166 1513 Schneidewin
1195 1446 1216 1506 l.
1238 1449 1260 1507 1.

116 1561 148 1620 p.
161 1543 221 1621 223
242 1541 323 1602 hanc
344 1559 543 1622 recoquere,
565 1540 755 1604 Harlesin
772 1553 912 1620 auctore,
934 1543 1126 1623 tragoediam
1148 1548 1261 1612 habeu-

116 1663 195 1723 mus,
218 1643 548 1707 caussa=omnian⁴.nos
568 1642 684 1722 deficit.
729 1647 996 1722 W-eicker.›in
1016 1647 1112 1729 Tang.
1127 1650 1181 1712 Gr.
1193 1653 1229 1714 T.
1237 1654 1260 1715 1.

116 1768 151 1826 p.
164 1750 241 1812 294.
262 1758 326 1808 not.
338 1750 370 1810 9.
421 1747 495 1808 Pari
515 1743 611 1810 modo
634 1747 786 1832 Σεμέλας
808 1743 928 1822 cidisse
950 1771 1100 1830 negamus
1122 1771 1259 1838 unquam

118 1850 153 1912 in
178 1870 270 1912 scena
290 1850 506 1930 comparuisse.
548 1851 719 1912 Decretum
732 1851 827 1930 enin,
843 1853 1165 1934 quaLaaedaemontt
1185 1871 1261 1940 poti-

114 1965 183 2014 tam
206 1951 410 2030 castigarum,
439 1950 530 2034 annd·
554 1954 613 2015 hoc
639 1973 772 2034 carmen:
785 1953 997 2038 quascunque
1019 1955 1114 2020 modo
1142 1979 1261 2040 propn-

115 2055 240 2133 suisset,
259 2054 386 2118 nonnisi
406 2067 506 2117 artem
531 2055 704 2118 citharoedi
724 2057 943 2138 reprehendit,
956 2061 1019 2143 qni
1029 2055 1207 2125 foedissima
1224 2085 1260 2126 ac

114 2157 297 2240 turpissima
316 2173 499 2238 argumenta
521 2159 752 2239 exornavisset,
773 2163 831 2244 qui
850 2183 965 2228 nouam
986 2166 1157 2229 carminum
1179 2189 1261 2232 com·

117 2261 303 2341 positionem
324 2261 495 2325 invenisset
505 2308 516 2341 ,
537 2264 668 2346 'quique
696 2283 830 2346 pravum
854 2263 1045 2330 adhibuisset
1072 2269 1261 2335 instrumen-

117 2375 194 2441 tum,
215 2369 280 2446 quo
302 2363 400 2426 animi
420 2367 621 2428 mollirentur
643 2380 737 2452 atque
756 2369 928 2434 effemitmti
949 2372 1144 2437 exsisterent.
1181 2373 1260 2436 &a-

115 2469 234 2549 liger.
255 2468 296 2530 ad
317 2469 435 2532 Manil..
448 2494 481 2552 p.
491 2472 568 2543 ddi).
591 2470 882 2554 etecusl'aggdt,
896 2479 948 2542 15.
987 2475 1152 2558 Addimus,
1175 2475 1260 2561 quod

115 2593 241 2634 carmen
262 2573 297 2633 in
318 2573 484 2663 Eleusiniis
499 2588 665 2639 cantatum
686 2589 751 2655 est·,·
781 2599 799 2641 a
829 2579 943 2661 quibus
964 2579 1065 2642 omnis
1085 2583 1260 2664 tragoedia·

114 2693 186 2738 rum
208 2675 373 2738 abhorruit
403 2677 518 2738 actio·
545 2677 627 2740 Nam
655 2679 772 2758 legitur
795 2679 829 2740 in
860 2701 896 2742 ea
924 2682 1009 2763 legs:
1041 2686 1259 2770 nuperimunt·

117 2778 155 2846 ds
194 2804 251 2846 ααι
285 2805 384 2848 ector
417 2805 527 2868 αγονα
563 2805 627 2864 sup
642 2822 646 2830 ·
664 2785 866 2869 Eissouuop
902 2788 1085 2872 Λαμααραρ
1121 2809 1259 2872 superse

116 2879 342 2949 διαααειααααο
382 2905 447 2950 ταν
472 2907 527 2948 αα
566 2907 654 2966 psas
688 2883 878 2964 denuntiate,
915 2911 981 2963 scs
1011 2912 1076 2974 γαρ
1105 2890 1259 2972 Σεμελαρ

118 2980 213 3049 odraus
242 3009 311 3054 uvs'
332 2985 446 3054 urdene
474 3009 535 3069 nep
563 2984 805 3068 coaptatam
839 3013 868 3053 u.
884 3013 914 3054 a·
931 2991 962 3055 λ.
1022 2990 1170 3052 Miiller
1192 2992 1213 3052 Ι.
1235 2992 1259 3054 1.

115 3109 147 3168 p.
170 3092 246 3152 291.

200 3192 294 3254 Nunc
313 3213 387 3256 vero
418 3191 457 3256 ad
481 3195 642 3257 obscuram
673 3211 782 3253 mrum
806 3192 918 3254 serloni
948 3191 1167 3272 pervenimus,
1203 3194 1260 3273 qui

114 3307 222 3356 utrum
244 3295 420 3375 tragoedias
440 3296 640 3378 scripserint,
658 3317 700 3356 'an
724 3315 763 3356 no
787 3295 903 3356 fuerint
926 3292 1063 3378 quidem,
1085 3313 1196 3374 magna
1213 3307 1259 3356 est

115 3398 269 3480 quaestio.
310 3398 393 3460 Nam
413 3399 595 3462 memoriam
618 3419 728 3460 eorum
749 3409 804 3458 aut
823 3398 934 3474 semel,
957 3407 1011 3457 aut
1032 3395 1191 3460 rarissime
1210 3418 1260 3458 re·

114 3513 235 3582 pertam
260 3502 311 3564 vel
333 3515 497 3584 corruptas
514 3502 691 3584 scripturae
713 3503 885 3576 librorum,
912 3500 964 3562 vel
985 3500 1141 3579 perversis
1161 3501 1260 3562 inter·

116 3617 242 3684 protum
264 3605 447 3668 commentis
466 3605 581 3668 debere
598 3604 752 3668 videmur.
795 3604 893 3664 Velut
907 3603 996 3679 Acus,
1019 3623 1113 3684 quem
1126 3617 1260 3684 praeter

117 3707 246 3770 Suidam
267 3729 291 3771 s.
305 3730 336 3772 v.
352 3703 476 3788 ”Aaron
497 3702 643 3792 unimoda
664 3703 850 3790 τραγῳδίας
867 3725 969 3786 neque
990 3705 1258 3789 alinanuisquam

119 3821 259 3872 veterum
273 3813 473 3892 scriptorum,
496 3832 597 3892 usque
619 3811 687 3892 ipsa
702 3808 887 3872 memorarit
902 3806 1048 3886 Eudocia,
1068 3831 1143 3870 num
1165 3809 1260 3872 tuerit

117 3933 272 3996 unquam,
306 3913 397 3977 raldo
415 3913 613 3976 dubitamus.
664 3913 745 3974 Nam
774 3911 941 3974 auctoritas
962 3908 1076 3974 Suidae
1096 3928 1164 3974 cum
1184 3913 1260 3974 alias

115 4014 276 4078 levissima
299 4017 356 4095 sit,
378 4030 445 4078 tum
468 4018 527 4080 hoc
548 4018 619 4078 inco
639 4014 783 4095 inprimis
806 4024 1022 4076 contemnatur
1042 4025 1183 4093 oportet,
1205 4013 1260 4074 ubi

115 4126 241 4198 potitae,
262 4123 349 4197 cujus
369 4120 560 4180 mentionem
573 4118 749 4194 ‘seuerae
764 4135 877 4196 genus,
898 4137 955 4176 nec
975 4115 1127 4196 patriam,
1156 4103 1261 4198 neque

117 4219 234 4302 scripta
255 4219 393 4282 rescivit.
437 4218 508 4280 Scio
530 4220 668 4302 quidem,
688 4216 780 4281 valde
802 4217 953 4279 lubricam
974 4235 1081 4276 eorum
1102 4214 1183 4275 viam
1205 4217 1259 4276 ha·

118 4322 196 4400 beri,
219 4322 276 4405 qui
298 4323 331 4384 in
349 4321 575 4387 dubitationem
600 4344 635 4386 ea
650 4343 763 4388 vocate
783 4323 895 4399 solent,
917 4337 1049 4402 quorum
1072 4318 1175 4380 tenuis
1194 4340 1258 4380 me-

120 4425 218 4488 moria
239 4427 414 4512 invenitur,
437 4425 548 4509 idque,
570 4447 609 4488 ne
632 4427 709 4488 mini
732 4425 808 4489 vitio
832 4425 1014 4500 duceretur,
1039 4422 1185 4505 scriptori
1206 4422 1258 4486 rel
