3060 5000
516 1707 541 1760 A
858 1704 927 1777 drus
945 1720 973 1762 et
990 1705 1074 1779 sutore
1095 1707 1224 1763 vocabule
1242 1729 1286 1782 ap.
1305 1727 1402 1769 recen·

255 1794 366 1852 Acatem
385 1797 491 1869 po‘e'tam
510 1795 642 1870 tragicum
655 1812 712 1849 non
723 1792 803 1850 luisse
894 1798 975 1852 tiores
987 1797 1102 1869 tragicos
1114 1797 1327 1869 frequentissima
1340 1804 1401 1854 121.

290 1883 373 1940 videri
393 1905 419 1958 p.
436 1889 479 1942 11.
850 1883 944 1946 'hirtos
963 1888 1028 1956 κυνῆ
1044 1889 1106 1940 281.

256 1973 362 2028 Adonia
381 1977 442 2028 280.
858 1971 987 2030 Alcaeum
1006 1992 1061 2026 non
1080 1974 1193 2046 proprio
1212 1976 1322 2032 nomine
1336 1997 1402 2048 τρα-

173 2071 177 2077 ’
255 2060 406 2116 Adrantum
425 2061 630 2135 grammaticum
648 2081 703 2118 esse
722 2061 801 2136 igno·
891 2059 965 2130 ysaie
983 2063 1072 2118 vocari
1091 2065 1133 2118 ts.

292 2161 349 2204 tum
368 2153 429 2206 201.
831 2186 834 2192 ,
857 2149 1050 2208 Alcmaeonem
1062 2151 1147 2224 poe'tis
1158 2151 1265 2226 tragicis
1274 2151 1341 2208 falso
1354 2153 1403 2208 ad-

255 2239 407 2308 Adrastum,
428 2259 490 2296 cum
510 2257 624 2312 persona
642 2240 675 2294 sit
691 2240 802 2312 tragica,
892 2239 1022 2312 scriptum
1040 2259 1095 2294 esse
1114 2245 1139 2295 t.

291 2349 348 2383 non
366 2329 464 2385 debere
481 2334 588 2402 poetam
608 2328 690 2384 videri
708 2334 734 2384 ¹l.
858 2329 1038 2385 Alexandrum
1052 2328 1218 2384 Phaselidem
1230 2327 1331 2383 venisse
1343 2332 1404 2385 108.

193 2443 200 2456 ·
256 2417 416 2488 Aenigmata
434 2418 550 2490 plurima
573 2418 730 2494 receptionis
748 2429 803 2474 tra-
859 2419 1041 2492 Amphionem
1058 2419 1087 2472 in
1105 2418 1270 2490 tragicorum
1289 2437 1403 2472 numero

293 2505 406 2578 goediae
424 2511 485 2561 104.
503 2509 565 2561 119.
584 2508 646 2562 199.
896 2527 953 2560 000
971 2526 1026 2562 esse
1044 2507 1197 2563 habendum
1214 2511 1240 2561 ¹t.

256 2593 417 2648 Aeschinem
426 2594 594 2666 tragoedum,
606 2613 663 2648 non
672 2594 804 2666 tragicum
860 2593 1057 2664 nicomedensis
1075 2599 1119 2652 31.

292 2688 401 2758 politam
419 2683 498 2736 fuisse
517 2687 543 2738 5.
859 2683 1046 2752 α’νιιγνωστικοὶ
1062 2689 1169 2755 ποιηταί
1186 2687 1247 2738 222.

255 2771 415 2827 Aeschinem
430 2770 598 2827 Socraticum
612 2772 684 2845 apud
696 2771 804 2846 Diony·
859 2773 1030 2846 Anaxagoras
1042 2771 1226 2846 quidsenserit
1236 2772 1268 2826 de
1280 2771 1331 2827 deo
1344 2777 1405 2828 244.

292 2861 361 2915 sium
380 2859 519 2932 Syracusis
536 2861 617 2916 fuisse
635 2865 679 2917 st.
859 2861 1059 2917 Anaximander
1068 2862 1186 2935 tragicus
1196 2865 1275 2937 po⁸e'ta
1285 2881 1342 2917 non
1355 2862 1405 2916 suit

256 2948 419 3022 Aeschylum
439 2968 455 3003 a
472 2948 612 3007 nonnullis
627 2960 731 3022 patrem
748 2963 804 3006 tra·
895 2955 940 3006 21.

292 3038 403 3113 goediae
415 3038 504 3093 vocari
516 3045 560 3094 24.
593 3040 649 3111 ejus
659 3039 748 3095 schola
759 3044 804 3096 21.
860 3038 1037 3097 Andronicus
1050 3049 1127 3094 actor
1145 3042 1170 3094 0.

245 3157 250 3168 ·
293 3129 350 3199 ejus
372 3126 477 3182 fabulas
500 3138 561 3200 post
579 3138 694 3182 mortem
713 3128 804 3186 doctas
859 3126 1009 3182 Antiochus
1027 3126 1221 3182 Alexandrinus
1238 3130 1300 3183 218.

293 3220 337 3272 20.
373 3228 399 3272 et
416 3228 550 3273 correctas
567 3235 623 3270 esse
645 3217 710 3272 ibid.
747 3217 804 3288 ejus
861 3215 1000 3288 Antiphon
1023 3215 1092 3280 lilius
1110 3213 1253 3287 Sophoclis
1274 3235 1329 3287 quo
1345 3217 1404 3288 jure

294 3315 436 3359 sectatores
455 3305 602 3377 peculiares
619 3305 722 3360 fabulas
739 3307 805 3361 reli·
896 3311 973 3377 po'e'ta
992 3305 1109 3376 tragicus
1127 3302 1257 3358 habeatur
1273 3306 1317 3358 21.
1335 3307 1379 3358 78.

294 3393 390 3465 quisse,
408 3393 442 3447 ad
460 3392 660 3448 similitudinem
675 3394 806 3467 principis
860 3393 999 3466 Antiphon
1027 3391 1207 3447 Rhamnusius
1237 3410 1299 3446 cum
1325 3396 1404 3464 polita

295 3480 422 3534 adductas
435 3484 478 3536 40.
510 3482 566 3552 ejus
578 3482 683 3554 prolem
698 3482 804 3556 abipso
895 3482 999 3554 tragico
1018 3482 1145 3535 confusus
1162 3482 1225 3534 198.

295 3567 410 3640 plurima
423 3570 620 3641 sumpsissem.
644 3590 705 3626 eum
716 3573 803 3628 amico
860 3569 998 3642 Antiphon
1015 3581 1041 3624 et
1055 3568 1220 3641 Antiphanes
1235 3567 1345 3622 nomina
1360 3569 1405 3622 in-

294 3655 457 3710 loneusum
475 3661 609 3714 0000188.
644 3660 803 3732 cycliacar·
896 3670 982 3713 tense
1000 3669 1101 3714 mutata
1117 3661 1180 3711 201.

295 3743 368 3798 mina
394 3756 456 3801 ante
480 3745 574 3802 oculos
595 3746 717 3804 hahuisse
741 3753 802 3808 188.
859 3747 978 3819 Antiqua
1002 3745 1138 3818 tragoedia
1159 3744 1342 3800 saltationibus
1361 3746 1405 3800 in-

295 3833 353 3903 ejus
370 3833 513 3906 pugillares
530 3838 592 3890 201.
895 3835 977 3907 signis
995 3838 1039 3888 st.

260 3920 447 3994 Aesculapium
473 3923 580 3995 qualem
604 3915 697 3998 tragici
721 3926 804 3980 finxe-
859 3923 972 3996 Antiqui
988 3923 1131 3996 scriptores
1149 3922 1260 3999 quinam
1278 3933 1406 3978 vocentur

296 4011 350 4063 rint
366 4013 429 4064 20¹1.
896 4017 941 4068 52.

261 4097 414 4168 Agathones
431 4111 498 4172 quot
514 4099 615 4155 fuerint
634 4103 693 4155 141.
863 4099 1016 4156 Antoninus
1034 4097 1138 4153 emend.
1158 4102 1219 4154 159.

261 4185 429 4258 Agathonem
440 4187 577 4244 tibicinem
586 4207 643 4244 non
653 4188 732 4244 luisse
745 4193 806 4247 tto.
863 4187 970 4262 Apelles
989 4187 1133 4259 tragoedus
1150 4191 1175 4243 0.

262 4270 348 4344 ἄγριοι
365 4295 420 4348 quo
438 4295 517 4332 sensu
540 4278 592 4334 sint
614 4277 737 4334 homines
759 4299 805 4334 vo·
862 4277 1043 4351 Apollodorus
1057 4276 1192 4332 recentior
1208 4276 1405 4349 tragoediarum

299 4362 350 4416 cati
368 4367 429 4420 282.
897 4367 1011 4441 scriptor
1027 4369 1071 4420 22.
