3088 5008
228 301 232 323 ’
251 305 302 379 36

255 485 345 553 Ae⁰l
364 509 395 575 Ρ·
415 485 479 550 273
501 494 534 554 el
547 482 705 575 Belgklus
726 503 757 575 P·
770 485 834 550 ⁶⁰7
847 435 1054 573 probabiliter
1074 485 1302 554 emendarunt:
1322 481 1414 552 αὕτα
1524 445 1525 488 l

253 590 318 684 peip
340 587 389 678 (d'
411 590 500 676 Ahr.)
527 586 622 680 ὠρᾶα
642 586 939 680 σιεφανηπλόιιουν
960 588 1266 681 (ἐστεφανηπλόιιην
1286 595 1346 678 Α).
1370 631 1415 640 -

256 695 417 775 λακάναις
443 698 563 789 Bergk.
585 697 672 788 vulg.
695 693 863 782 λαχάνοις.
913 698 1023 766 Possis
1054 698 1150 769 etiam
1177 694 1335 787 λαχάνοις
1355 723 1412 764 su-

255 806 379 895 spicari.
402 845 444 854 -
466 797 499 867 τ’
523 803 580 887 Β.,
601 804 700 895 vulgo
723 827 768 870 re.
787 841 830 852 —·
848 799 964 892 {amad
987 803 1105 894 Bergk.
1127 806 1160 872 in
1181 807 1264 872 Actt.
1286 827 1318 895 p.
1337 805 1414 886 207,

254 907 612 998 inrumperet.
658 909 740 978 lllud
761 921 927 999 praestare
949 910 1140 978 videtur.—-
1162 937 1192 976 v.
1211 912 1241 978 5.
1285 931 1412 978 παντο-

255 1016 405 1112 δαποῖσι]
420 1017 473 1095 Β.,
497 1017 595 1107 vulgo
618 1013 867 1094 παντοδαπούς.
910 1015 1239 1106 Schweighaeuserus
1262 1016 1412 1085 dederat:

254 1123 490 1200 παντοδαποῖς.
524 1158 566 1170 -—
601 1122 643 1189 lb.
670 1121 834 1211 εὑρήμασι
860 1147 943 1190 unus
971 1123 1058 1204 cod,
1086 1145 1137 1212 ap.
1162 1121 1346 1212 Schweiglr
1371 1127 1409 1189 Α

253 1231 351 1302 habet
372 1225 533 1316 εὑρήματι
552 1229 832 1323 unde-Schweigh.
843 1233 910 1320 jam
932 1232 1117 1320 conjectura
1139 1251 1253 1296 verum
1276 1229 1411 1318 expedi-

254 1347 354 1404 verat.
387 1335 513 1402 Relicui
529 1330 682 1421 εόρὴκαει
700 1336 786 1402 unde
806 1335 908 1402 Koen.
922 1335 963 1401 ad
983 1335 1118 1426 Gregor.
1136 1332 1278 1402 Corinth.
1291 1357 1323 1423 p.
1337 1336 1408 1401 150.

253 1439 436 1530 εὑρήκαντι.
485 1439 589 1530 Raph.
608 1440 737 1508 Fion'llo
767 1464 785 1506 a
812 1441 943 1532 vulgata
967 1463 1032 1508 non
1060 1443 1201 1508 recessit.
1254 1445 1409 1511 Ceterum

251 1548 444 1616 simillimam
464 1548 608 1613 invenies
632 1547 845 1614 elocutionem
869 1547 954 1637 apud
976 1545 1186 1614 Xenarchum
1207 1550 1276 1616 sive
1297 1551 1408 1617 Timo-

251 1656 335 1724 clem
355 1656 388 1720 in
410 1651 578 1743 Porphyra
602 1677 651 1743 ap.
670 1653 783 1720 Athen.
804 1652 877 1736 Vll,
896 1653 1011 1744 p.3l9.
1024 1657 1061 1722 A.
1094 1651 1264 1740 ἰχθυδίοις
1285 1649 1408 1744 εὕρηκα

250 1757 487 1836 παντοδαποὺς
515 1760 640 1846 τέχνας.
668 1797 715 1836 ,-
777 1785 807 1827 v.
831 1761 860 1825 7.
909 1763 992 1826 Ante
1020 1759 1106 1827 hunc
1131 1783 1262 1827 versum
1291 1761 1408 1830 desunt

249 1865 413 1936 nonnulla.
455 1865 614 1956 Bergkias
636 1869 668 1933 in
681 1867 763 1933 Actt.
783 1865 834 1932 l.l.
855 1866 1031 1955 supplevit:
1055 1853 1139 1954 [εἶτα
1162 1866 1198 1930 δὲ
1220 1862 1408 1957 πρόσπολοι

249 1971 375 2061 citiam
395 1973 427 2038 in
446 1971 482 2038 P.
492 1971 528 2038 L.
543 1972 581 2038 G.
595 1972 765 2040 asteriscos
786 1973 902 2059 posuit.
915 2009 956 2020 ——
970 1966 1141 2062 πάρφερον
1158 1973 1195 2037 έν
1215 1977 1346 2053 κανέοις
1356 1976 1406 2059 Β.,

248 2107 279 2149 v.
293 2081 481 2165 παρέφερον
497 2079 533 2143 ἐν
547 2079 705 2144 κανέοισι.
737 2077 818 2144 Post
839 2073 935 2142 ἄλλοι
953 2073 986 2141 δ’
1008 2101 1082 2145 cum
1097 2079 1238 2170 Bergkio
1256 2082 1405 2150 lacunam

246 2186 393 2255 indicavi.
404 2219 448 2236 ...
467 2210 497 2251 v.
510 2188 539 2250 8.
564 2187 633 2262 τοῖς
645 2179 674 2247 δ’
687 2181 742 2250 ἔπι
751 2181 868 2271 πρῶτα
880 2179 1048 2272 παρῆλθ’]
1060 2185 1115 2268 Β.,
1130 2185 1204 2253 libb.
1217 2187 1404 2275 παρῆλθεν.

246 2303 280 2360 et
293 2292 426 2358 ἔπελ-
442 2291 482 2358 ib.
495 2285 583 2356 ἀλλὰ
605 2286 760 2368 *λέπας*
788 2279 885 2379 ἧστο]
908 2292 1020 2380 scripsi
1042 2292 1231 2362 dubitanter.
1272 2295 1359 2362 Nam
1382 2293 1403 2377 ἡ

245 2398 351 2476 λοπὰς
372 2400 554 2466 sexcenties
581 2400 734 2478 occurrit,
763 2408 894 2464 atvero
916 2395 955 2462 τό
977 2394 1083 2476 λόπας
1100 2421 1259 2489 nusquam
1285 2402 1403 2485 inveni,

244 2505 302 2574 sed
318 2505 358 2572 ad
375 2503 556 2593 analogiam
568 2506 657 2569 vocis
674 2501 828 2580 εόόέιιας
841 2525 962 2571 novare
976 2527 1073 2571 ausus
1084 2529 1167 2572 sum
1190 2505 1297 2584 λοπὰς
1308 2497 1402 2589 ἧστο,

238 2615 307 2701 jam
328 2607 458 2675 lio'n'llo
479 2610 613 2698 scripsit.
659 2605 761 2676 Codd.
784 2604 857 2674 ἀλλ’
876 2605 1094 2688 attentarem
1115 2609 1169 2690 τό,
1191 2609 1401 2699 ἁλοπλατεῐς,

241 2714 430 2791 ἁλοπατεῖς.
481 2713 655 2804 Bergkius:
688 2715 897 2798 „Emendare
924 2723 1084 2808 noqueo''.
1144 2715 1298 2786 Similiter
1318 2721 1401 2802 inter

241 2817 390 2908 κόναβον
418 2830 451 2886 et
476 2818 611 2886 λοπάδα
639 2823 782 2890 distinxit
802 2823 1013 2913 ¹Antiphanes¹
1037 2819 1193 2892 Athenaei
1215 2825 1270 2908 w,
1289 2849 1320 2917 p
1338 2831 1400 2894 169

238 2929 293 2997 ubi
326 2930 462 2996 fortasse
491 2927 683 3019 legendumt
732 2927 775 2996 ozi
808 2927 840 2994 d'
873 2931 953 3008 ἴσως
979 2925 1025 2996 ite
1045 2932 1149 3009 εἴποις
1180 2929 1324 3010 λόπας.
1356 2972 1400 2982 -

238 3061 268 3103 v.
286 3039 315 3103 a
360 3054 463 3101 παντε
490 3035 605 3116 παλές]
640 3036 763 3125 scripsi.
818 3037 920 3106 Codd.
949 3033 1049 3106 πάντ’
1079 3036 1255 3126 ἔπαθελν],
1289 3035 1398 3120 πάντη

234 3348 266 3416 τ’
296 3351 348 3439 ἐξ]
382 3351 504 3443 scripsi.
568 3352 657 3420 Libb.
681 3354 891 3444 λιπαρόντρς,
924 3359 1067 3446 λιπαρόν
1101 3355 1133 3422 r'
1163 3357 1210 3435 ές,
1243 3357 1396 3446 λιπαρόν.

231 3455 389 3546 Bergkius
417 3459 612 3547 λιπαροῖπες.
640 3499 682 3511 --
730 3463 935 3552 ε’χχελιιόνος]
962 3464 1084 3554 scripsi.
1135 3463 1238 3544 Codd.
1265 3464 1395 3554 ἐγχέλεά

231 3585 318 3640 τινες
338 3563 499 3654 Bcrgkius
520 3561 692 3639 emendare
715 3571 868 3660 nequivit.
912 3571 980 3639 Sed
1000 3571 1121 3649 neseio,
1143 3594 1206 3660 quo
1230 3595 1339 3640 errore
1360 3576 1394 3642 in

229 3669 278 3737 his
300 3669 446 3737 versibus
468 3672 586 3738 iterum
608 3670 732 3740 ttNrn
757 3677 832 3744 ΠΛ
858 3676 948 3746 velut
974 3675 1027 3743 hic
1053 3678 1085 3742 in
1108 3677 1185 3740 ΛΠ
1208 3665 1331 3746 abierit}
1351 3703 1394 3728 ⁴-
1524 3731 1525 3738 .

228 3772 386 3865 ἀρίστων]
411 3771 491 3842 dedi.
526 3777 630 3845 Codd.
654 3775 798 3867 όῖριστον.
812 3823 855 3832 -
884 3809 914 3848 v.
938 3783 985 3848 10.
1030 3782 1227 3872 χοχχριόέων
1249 3778 1391 3872 ἰταμόν]

229 3885 350 3974 scripsi.
396 3883 499 3950 Codd.
521 3888 900 3976 χοχχροιιοιωνηιεμιῖν.
945 3887 1104 3976 Bergkius
1127 3911 1193 3956 non
1216 3891 1390 3981 expedivit.

226 4027 268 4038 —-
290 3989 414 4057 Sensus
436 4013 465 4056 v.
479 3993 498 4055 7
511 3995 589 4057 -9
618 4003 667 4060 est
697 3991 962 4085 riez-meolam
981 3993 1223 4085 prirnae'dapcs
1241 3997 1390 4066 sublatae

225 4105 313 4177 sunt,
342 4117 410 4162 non
440 4095 504 4162 olla
530 4100 716 4187 supervenit
743 4099 801 4165 sed
828 4102 937 4190 patina
964 4099 1146 4191 perampla,
1178 4105 1307 4192 penitus
1333 4104 1398 4171 illa'

224 4200 367 4283 fervida,
391 4211 489 4292 atque
508 4197 617 4293 opimo
642 4226 685 4270 ex
706 4205 828 4274 vivario
853 4207 1142 4298 (depromptarum)
1164 4213 1305 4300 optimae
1326 4233 1388 4277 no-

225 4317 277 4372 tae
300 4305 449 4374 flutarum
472 4317 693 4397 protervorum
716 4311 848 4394 referta,
872 4312 1016 4380 delicata.
1053 4351 1096 4360 —
1138 4339 1168 4381 v.
1194 4317 1243 4381 ll.
1287 4317 1388 4402 βατὶς

127 3175 131 3184 ·
237 3134 392 3208 ἔπειθεν.
443 3140 600 3232 Bergkius
631 3138 872 3228 πανταχόθεν,
902 3155 935 3210 at
966 3167 1033 3212 non
1059 3145 1156 3212 credo
1187 3155 1254 3210 tam
1283 3147 1397 3213 notum
1524 3219 1525 3226 χ

235 3245 371 3314 verbum
407 3245 591 3339 hujusmodi
624 3251 845 3339 corruptiones
861 3321 864 3326 ,
880 3273 1012 3341 passum
1045 3275 1127 3318 esse.
1160 3289 1203 3306 -η
1253 3252 1398 3341 λιπαροῦ
1524 3235 1525 3276 ³
