3086 4992
648 277 655 290 ’
675 318 743 392 ινι

132 505 260 582 sinuum,
281 524 351 565 cum
368 497 494 586 quidem
516 521 579 564 non
596 505 695 584 possit
717 501 881 564 affirmare.
904 501 1147 570 muscetum.
1163 506 1204 584 ll,
1219 511 1276 568 24:

133 599 217 691 ἢτὸ
238 610 275 672 ἐν
298 607 342 694 τῷ
362 600 509 694 Ὀρέστῃ
528 607 573 693 τῷ
593 605 794 674 Θεοδέκτου·
827 611 863 672 ἐκ
884 605 1068 690 διαιρέσεως
1087 604 1151 692 γάρ
1176 612 1278 674 ἐστιν.

133 701 268 776 δίκαιόν
293 713 402 787 ἐστιν,
430 701 569 794 deseris
591 707 704 796 κτείνῃ
727 705 846 786 πόσιν,
874 702 1116 794 Ιαἶσοοδνήοισοι-ιι
1135 710 1279 794 ταύτην,

133 813 189 879 καὶ
217 812 263 900 τῷ
282 811 387 896 πατρὶ
409 837 448 896 ys
462 824 630 896 ιτιμωρεῖν
648 806 714 880 τὸν
730 803 822 880 υἱόν*
859 803 984 882 οὐκοῦν
1007 813 1061 880 soi
1085 815 1191 881 ταῦτα
1215 813 1278 878 πέ-

133 929 299 1000 πρακται·
322 914 532 1000 συντεθέντα
553 907 618 1000 γσὶρ
639 917 720 988 ἴσως.
735 909 847 982 οὐκέτι
871 914 1004 982 δίκαιον
1025 939 1056 980 ιι.
1070 941 1101 982 τ.
1114 915 1145 982 λ.
1188 917 1276 992 Ejus·

132 1016 204 1080 dem
226 1017 350 1097 generis
367 1015 469 1078 oratio
485 1016 560 1096 tut,
581 1038 644 1100 que
658 1017 786 1100 ulysses
806 1035 864 1080 suo
885 1020 953 1093 jura
974 1015 1100 1082 Atridas
1122 1018 1163 1082 de
1183 1023 1276 1085 armis

132 1118 1277 1198 jffimaemmmmffiAfflmlbffltfflmlenm

131 1224 293 1305 Lynceum
306 1241 366 1303 pro
383 1223 508 1304 Argivis
525 1222 678 1302 judicibus
702 1245 823 1292 caussas
843 1236 969 1306 agentes
989 1223 1124 1289 induxit.
1144 1227 1276 1289 Aristot.

131 1327 219 1387 Poe't.
240 1327 263 1386 l.
284 1327 307 1386 1.
356 1325 396 1388 Et
422 1327 481 1390 ille.
500 1326 665 1409 inopinato
686 1329 789 1392 victus
807 1340 839 1393 et
860 1328 970 1408 capitis
997 1327 1160 1394 damnatus
1183 1343 1214 1392 et
1235 1330 1273 1394 ed

129 1429 319 1511 supplicium
340 1427 450 1492 ductus
472 1442 527 1496 est,
570 1432 606 1493 ln
629 1451 694 1516 qno
715 1431 849 1494 subitam
874 1433 921 1495 rei
948 1432 1181 1498 conversionem
1207 1435 1274 1496 eni-

127 1534 360 1597 madvertamus
388 1545 529 1612 oportet,
564 1555 658 1616 quam
686 1535 867 1614 Agathouio
885 1537 1047 1602 sententia.
1066 1538 1216 1601 instituis⁴
1236 1559 1273 1601 eo

128 1639 275 1716 consilio,
297 1636 478 1720 quo—magis
496 1635 735 1702 admirationem
757 1659 828 1700 cum
846 1637 1061 1721 misericordia
1081 1644 1216 1715 junctam
1238 1643 1271 1702 in

127 1741 240 1800 animis
257 1751 467 1819 spectatorum
486 1752 637 1802 moveret.
681 1740 752 1801 Pari
768 1738 860 1801 modo
877 1726 1292 1821 ι11σιπαοοιιιιιῑῖαῖοοοιιὶι,1

128 1840 171 1903 ad
189 1841 374 1920 iudiciorum
389 1841 528 1906 adducta.
539 1841 785 1906 similitudinem.
810 1843 942 1904 Aristot.
955 1843 1048 1907 Rhet.
1061 1845 1117 1906 ll
1139 1846 1271 1927 Dionys.

126 1945 188 2024 Ep.
208 1946 232 2022 1,
255 1948 305 2006 12.
348 1945 462 2007 Euseb.
483 1947 593 2027 Praep.
615 1945 732 2023 Erang.
754 1945 796 2022 X,
811 1947 850 2006 .3.
885 1945 1150 2027 .=1taque.labulas
1169 1950 1272 2019 Theo·

125 2046 235 2124 dectis,
258 2047 444 2112 nobilissimi
462 2049 608 2126 rhetoris,-
628 2048 776 2130 quoniam
798 2049 943 2114 oratoriis
966 2049 1048 2115 locis.
1062 2053 1270 2134 abundabant,

127 2153 166 2213 eb
187 2151 359 2212 Aristotele
381 2153 504 2233 saepius
524 2150 665 2214 laudatas
685 2149 838 2214 videmus.
1213 2174 1216 2182 ’

212 2255 301 2315 Hanc
317 2273 392 2322 vero
413 2255 589 2319 fabularum
600 2255 764 2338 *rationem¹
782 2254 838 2336 qui
859 2255 933 2319 satis
954 2261 1126 2340 perspexit,
1148 2261 1187 2324 iis
1206 2283 1269 2326 non

126 2371 190 2418 rem
212 2369 341 2438 poetae,
374 2379 467 2439 quam
495 2359 632 2424 oratoris
657 2372 823 2419 numerum
842 2378 878 2418 ac
902 2357 1197 2428 mcum-tribuet.»
1225 2366 1271 2427 Ae

125 2474 253 2540 prester
281 2462 471 2540 fragments,
484 2493 487 2518 ι
501 2462 534 2522 iu
547 2461 692 2544 cquibusa
706 2473 853 2522 ornanum
866 2461 1041 2544 Euripidis
1053 2478 1271 2545 Ιαοοοοαοιιῐαο,

124 2584 228 2646 neque
251 2567 456 2639 colorataest
476 2564 688 2643 ejnssuratio,
701 2584 759 2625 nec
781 2584 910 2644 presse,
922 2579 977 2628 eut
997 2566 1137 2647 grandis,
1149 2583 1269 2652 qnem-

124 2667 293 2730 admodum
317 2665 477 2747 tragoedia
503 2667 650 2746 postulat.
693 2665 749 2728 Est
776 2665 919 2749 quidem,
943 2670 1008 2730 -ubi
1029 2673 1270 2751 ¹piscellosaltius

123 2783 282 2849 assurgat,
313 2783 348 2832 ut
369 2771 457 2834 Stob.
478 2771 661 2848 Eclogon.
682 2772 710 2850 I,
732 2774 782 2849 11,
812 2771 925 2836 Strabo
946 2775 969 2836 l.
992 2776 1033 2854 l.;
1067 2775 1121 2838 sed
1151 2799 1189 2838 ne
1219 2779 1269 2841 his

123 2870 251 2953 quidem
271 2873 349 2934 locis
370 2872 508 2951 figurae,
530 2893 599 2936 cum
620 2871 786 2934 artificiose
808 2874 980 2941 rideantur·
998 2878 1206 2959 conquisitae,
1228 2881 1267 2942 ad

121 2974 272 3053 imagines
293 2996 398 3036 rerum
421 2976 455 3036 in
482 2975 620 3040 animum
646 2971 851 3054 inducendas,
879 2989 934 3038 aut
954 2977 1019 3039 vim
1040 2981 1190 3044 orationis
1213 3007 1267 3046 ats-

120 3077 253 3155 gendam
277 3078 404 3142 iaciunt.

208 3181 321 3242 Metris
341 3203 375 3242 ac
396 3182 533 3244 numeris
552 3200 626 3242 usus
644 3180 820 3272 ⁰ll.„B³u¹¹⁰
841 3179 1050 3258 liberioribus,
1073 3182 1180 3263 quales
1195 3195 1266 3262 post

119 3280 171 3346 01.
198 3285 250 3344 89.
280 3283 482 3348 admiserunt.
526 3284 607 3347 Nam
628 3286 661 3347 in
684 3297 770 3346 tanta
791 3282 994 3366 reliquiarum
1016 3284 1171 3365 paucitate
1197 3297 1268 3346 octo

117 3385 294 3448 tribrachos
314 3388 506 3466 invenimus,
536 3406 671 3470 quorum
693 3387 755 3452 duo
776 3407 839 3450 non
861 3388 923 3448 alio
944 3407 1058 3466 genere
1081 3387 1211 3464 sejuncti
1233 3407 1266 3448 so

117 3489 287 3571 excipient.
329 3491 408 3554 Sunt
429 3513 506 3556 vero
527 3493 577 3553 hi:

249 3588 958 3682 wmfflmmmmmmmdmm

247 3696 404 3778 πέμπται
426 3691 457 3761 δ’
471 3691 607 3764 ἄνωθεν
630 3692 797 3780 ἰσόμετροι
824 3693 944 3784 ῥάβδοι
968 3691 1042 3764 δύο.

245 3792 998 3886 dwoffloffiqwekfflmmdmnmm

244 3899 365 3972 πολλοὶ
388 3895 441 3968 deci
464 3895 592 3986 φόβον,
616 3893 679 3968 κού
699 3889 739 3963 δι’
750 3891 873 3983 εὐσεβῆ
894 3896 1034 3983 τρόπον.

459 4047 467 4066 .
491 4047 499 4066 .
525 3996 638 4070 .α’λλοῖ
661 3999 869 4088 διαλαβόντα
892 4002 952 4092 χρὴ
974 4018 1120 4072 σκοπεῖν.

243 4093 305 4185 τήν
326 4106 394 4185 μὲν
416 4110 539 4171 θανεῖν
560 4109 712 4186 ἔκρινας,
733 4108 793 4186 ἐμὲ
815 4103 850 4171 δὲ
870 4104 921 4190 (ιη’
942 4117 1089 4172 κτανεῖν.

241 4199 1084 4289 meffimffmdmmwwmmwm

108 4288 263 4386 Dactyius
282 4304 422 4384 primum
445 4307 580 4369 trimetri
601 4307 711 4387 pedem
735 4307 829 4370 efficit
851 4331 902 4390 op.
922 4309 1017 4370 Arist.
1034 4309 1125 4370 Rlset.
1140 4308 1177 4386 ll,
1193 4311 1253 4371 23:

241 4409 371 4492 μητέρα
394 4411 429 4475 δὲ
451 4405 516 4493 τήν
539 4405 602 4492 σήν
625 4406 716 4484 οὔτις
741 4402 868 4493 ἐστύγει
891 4410 1037 4492 βροτῶν.
