3072 5012
279 345 352 422 142

277 529 364 620 lydio
393 531 525 621 agnovit
549 527 759 620 Lamprocles
788 539 871 598 teste
900 528 1089 644 Plutarcho,
1112 553 1139 599 c.
1165 535 1218 600 16:
1250 535 1322 603 ie.
1350 533 1427 604 hturc

250 717 255 732 .
277 661 310 706 ¹¹¹
332 637 482 704 modum.
902 723 917 750 ,

530 789 1180 1102 iffi

277 1156 387 1250 ltaque
408 1157 452 1225 ita
469 1156 613 1225 Graccus
636 1158 739 1224 Iactus
758 1155 811 1224 hie
831 1156 958 1239 modus,
981 1159 1127 1250 quamvis
1149 1181 1208 1249 per
1229 1182 1267 1226 se
1288 1179 1356 1226 non
1375 1159 1429 1246 uli-

275 1263 330 1346 lis,
353 1267 542 1356 conjunctus
567 1287 641 1331 cum
662 1262 763 1330 Dorio
785 1263 928 1332 adhiberi
945 1265 1057 1355 potuit,
1078 1265 1222 1332 utilem
1242 1262 1430 1333 Plutarchus

276 1370 356 1438 dixit
377 1369 397 1436 I.
413 1370 433 1438 l.
457 1371 490 1438 id
513 1370 600 1461 quod
620 1367 707 1436 hunc
727 1370 761 1435 in
782 1370 916 1436 modum
933 1372 1053 1438 lactum
1075 1393 1148 1438 esse
1170 1373 1310 1462 cogites:

1214 1602 1418 1644 ..ΙΙ-Ι

1238 1648 1419 1689 ΙΙΙ-Ι

275 1922 296 1988 i.
313 1944 339 1988 e.
355 1919 479 2011 plagius
495 1929 531 1986 ut
544 1940 604 1985 nos
620 1918 755 1986 diainms
771 1915 967 2007 Mixolydius
983 1917 1099 1985 modus
1116 1929 1165 1986 est
1179 1917 1273 1987 Dorii
1288 1925 1383 2012 sqq.”
1395 1957 1431 1968 —

298 2010 300 2023 ¹
335 2026 532 2108 'Burettus‚
564 2027 618 2116 qui
644 2027 678 2092 in
705 2024 801 2091 Mem.
832 2023 930 2091 Acad.
952 2024 1046 2090 inser.
1070 2023 1165 2092 Tam.
1187 2023 1305 2110 XVIII,
1324 2027 1430 2094 indca

276 2157 307 2228 p.
319 2133 384 2199 238
405 2157 474 2224 sqq.
497 2131 597 2199 multa
621 2131 661 2198 de
682 2128 875 2220 Lamprccle
897 2129 993 2196 docte
1021 2129 1177 2221 disputat,
1206 2155 1236 2224 p.
1254 2134 1319 2200 241
1343 2132 1430 2201 Lam·
1495 2203 1496 2208 .

276 2239 394 2334 proelis
425 2239 637 2306 mutationem
667 2235 917 2328 intellegendam
947 2235 989 2303 de
1017 2235 1287 2308 hendecachortlo
1322 2248 1432 2318 censet,

278 2371 342 2440 qua
363 2357 472 2414 tamen
491 2345 533 2412 de
553 2367 589 2411 rc
612 2365 687 2411 cum
705 2341 782 2409 nihil
796 2339 988 2410 Plutarchus
1009 2344 1132 2427 innuat,
1153 2348 1268 2414 merito
1285 2344 1432 2415 Boochhii
1495 2341 1496 2344 '

279 2455 332 2540 (dc
354 2453 425 2521 ΜΡ.
448 2473 478 2542 p.
501 2449 588 2535 236),
622 2471 816 2517 consensum
838 2471 904 2516 non
925 2447 1005 2516 tulit.
1057 2450 1182 2518 Tamen
1202 2453 1242 2519 'in
1267 2455 1341 2543 ipsa
1371 2456 1431 2544 ejus

278 2559 492 2649 disputatione
514 2555 595 2623 haec
617 2577 682 2622 una
704 2555 781 2621 mibi
809 2555 963 2624 remansit
989 2555 1159 2640 dubitatio,
1190 2581 1248 2625 cur
1274 2554 1431 2650 Pythocli-

278 2665 354 2734 tlem
374 2663 551 2744 tibicinem,
582 2660 761 2729 secundum
786 2661 1015 2728 Aristoxenum
1035 2661 1056 2729 l.
1079 2661 1099 2729 l.
1129 2663 1431 2756 Mixolydtiviavea-

278 2781 392 2855 torem,
412 2769 546 2838 Periclis
567 2767 758 2857 magistrum
778 2767 869 2834 illum
891 2767 1114 2859 appellaverit,
1141 2793 1217 2838 cum
1237 2771 1431 2840 ramen'nn‘-
1494 2817 1495 2844 ;

279 2890 434 2948 stoxenus
468 2878 538 2944 sinc
577 2877 797 2943 controversia
829 2875 1040 2965 antiquiorem
1058 2863 1276 2954 'intellexerit¹
1294 2877 1431 2955 mandem,

280 3009 377 3080 quem
399 2983 507 3052 Schol.
530 2983 657 3050 Platon.
674 3003 705 3072 p.
720 2984 781 3048 118
796 3003 822 3048 c.
856 2981 979 3066 σεμνῆς
999 2982 1159 3064 μουσικῆς
1181 2979 1387 3052 διδάσκαλον
1405 2991 1432 3047 et

278 3091 464 3186 Agathoclis
486 3091 620 3158 senioris
642 3096 887 3179 praeceptorem
908 3087 1088 3178 praedicat3
1108 3091 1153 3156 ita
1175 3099 1212 3156 ut
1230 3088 1315 3160 haec
1335 3090 1431 3184 potius

279 3197 464 3268 adornanda
492 3197 532 3264 sit
554 3194 721 3284 Mixolydii
742 3193 889 3277 historia,
921 3194 1007 3260 idem
1030 3217 1049 3260 a
1071 3194 1246 3286 Sapphone
1272 3189 1431 3266 inventum

281 3307 409 3398 Olymp.
422 3303 459 3372 L.
475 3306 552 3386 Iere,
569 3303 636 3390 (cir.
648 3287 773 3370 Neuibs
786 3299 951 3392 Sapphon.
967 3302 1078 3391 fragm.
1091 3325 1121 3392 p.
1136 3295 1203 3388 III3
1220 3299 1431 3394 a-Pythoclide

280 3413 362 3480 tibiis
385 3411 571 3501 adaptatum
599 3410 685 3476 circa
706 3404 835 3497 Olymp.
857 3404 929 3488 LX,
957 3417 1116 3474 mutatum
1144 3409 1275 3478 tandem
1302 3409 1430 3478 aLam-

279 3516 390 3610 proclo
413 3540 485 3584 esse
508 3515 635 3608 Olymp.
657 3511 799 3583 LXXV
823 3551 864 3564 -
901 3557 905 3564 -

288 3661 293 3671 ·
365 3621 393 3688 Ε
415 3623 608 3692 carminibus
627 3618 828 3710 Lamproclis
843 3619 1156 3719 praeternonnullos
1171 3624 1349 3692 versiculos
1363 3618 1431 3690 nihil

264 3731 410 3801 ,omnino
435 3737 572 3798 aetatem
586 3726 666 3796 tulit.
711 3726 763 3794 De
778 3715 957 3817 pleiadibus
971 3749 1085 3794 versus
1101 3731 1242 3796 servavit
1256 3731 1429 3799 Athenaeus

281 3837 338 3921 Xl,
354 3861 385 3962 p.
397 3837 457 3903 491
477 3861 503 3904 c
513 3833 816 3924 Λαμπροκλῆς
841 3827 879 3900 δ’
902 3831 921 3900 ὁ
944 3808 1238 3960 διθυραμβοποιὸς
1258 3841 1315 3904 καὶ
1336 3831 1430 3932 ῥητοῖς

282 3940 385 4022 αὐτὰς
406 3931 496 4010 alnao
517 3937 704 4030 ὁμωνυμεῖν
725 3945 797 4019 ταῖς
819 3943 1023 4029 περιστεραῖς
1051 3941 1087 4006 ἐν
1108 3965 1247 4021 τουτοις.

649 4102 865 4115 .....
910 4041 982 4114 αἵτε
1004 4051 1167 4126 ποταναῖς·
1270 4079 1274 4093 =

475 4243 476 4246 Ἴ
539 4151 711 4243 ὁμώνυμοι
730 4154 899 4222 celsiaco
920 4149 1037 4244 αἰθέρι
1058 4157 1184 4224 κεῖσθε.
